3422 4118
1019 97 1077 151 XV.
1097 99 1357 150 ΔΗΜΟΣΘΕΝΗΣ.

686 258 756 323 XV.
787 257 926 324 Incertas
949 263 982 324 et
1003 281 1069 325 non
1092 280 1224 345 magnas
1248 281 1316 324 esse
1334 258 1478 342 Philippi
1501 263 1536 322 ut
1557 258 1697 322 socialem

1003 349 1049 412 ita
1072 349 1262 413 domesticas
1286 370 1370 432 opes.
1447 385 1449 389 ,

866 468 1018 539 (Demosth.
1039 469 1121 523 01.ss
1140 471 1177 540 [a.
1193 471 1257 541 349]
1277 475 1372 523 τ-ιο.
1394 474 1517 536 13-21.)

653 584 666 637 Ι
758 580 800 642 R>
824 578 885 661 μὲν
907 573 970 644 οὑν
993 578 1148 665 ἐπίορκον
1171 580 1225 643 καῖ
1249 579 1387 644 άπιστον
1405 584 1519 642 καλεῖν
1537 579 1615 642 άνευ
1636 586 1687 641 τοῦ

452 768 455 778 .
685 687 725 751 τά
746 683 957 771 πεπραγμένα
980 686 1150 776 δεικνύναι
1173 685 1345 770 λοιδορίαν
1374 679 1462 748 εἶναί
1485 708 1536 760 τις
1565 683 1603 748 διν
1634 688 1688 766 φή-

505 786 506 790 *
607 792 608 795 ’
687 809 753 857 σειε
780 793 880 876 κενὴν
908 793 1054 868 δικαίως·
1082 792 1119 856 τὸ
1149 792 1186 856 δὲ
1212 789 1315 855 πάνθ’
1342 790 1403 855 ὅσα
1429 788 1554 856 πώποτ’
1579 789 1688 874 ἔπραξε

451 879 464 915 ”
687 896 838 975 διεξιόντ’
865 895 917 980 ἐφ’
945 899 1045 962 ἅπασι
1068 895 1198 972 τούτοις
1225 895 1371 981 ἐλέγχειν
1398 898 1452 962 καὶ
1482 895 1619 984 βραχέος
1645 899 1688 958 λό-

686 1029 749 1087 γου
773 1005 948 1087 συμβαίνει
971 1005 1104 1069 δεῖσθαι
1131 1005 1187 1068 καῖ
1210 1005 1307 1068 δυοῖν
1334 1003 1417 1087 ἕνεχ’
1444 1004 1587 1088 ἡγοῦμαι
1613 1021 1687 1082 συμ-

687 1108 804 1196 φέρειν
817 1111 981 1194 εῖρῖγσθαι,
996 1120 1055 1175 τοῦ
1074 1109 1102 1174 τ’
1125 1108 1263 1192 ἐκεῖνον,
1282 1110 1361 1195 ὅπερ
1380 1111 1434 1174 καῖ
1453 1109 1577 1194 άληθὲς
1593 1110 1687 1190 ὑπάρ-

686 1241 750 1301 χει,
779 1222 910 1301 φαῦλον
938 1210 1118 1300 φαίνεσθαι
1146 1217 1200 1280 καὶ
1224 1218 1305 1292 τοὺς
1327 1216 1689 1302 ὑπερεκπεπληγμένους

690 1325 734 1400 ὡς
756 1324 882 1407 άμαχόν
903 1346 979 1388 τινα
1000 1324 1059 1387 τὸν
1085 1325 1252 1388 Φίλιππον
1276 1324 1370 1406 ἰδεῖν,
1394 1323 1444 1387 ὅτι
1466 1324 1576 1388 πάντα
1599 1321 1707 1398 διεξε,

688 1431 845 1512 ληλυθεν,
869 1421 919 1504 οἷς
940 1431 1102 1515 πρότερον
1123 1431 1412 1515 παρακρουόμενος
1434 1428 1535 1513 μέγας
1557 1428 1688 1512 ηὐξήθη,

688 1536 743 1600 καὶ
765 1535 846 1621 πρὸς
869 1535 973 1618 αὐτὴν
995 1536 1066 1618 ἥκει
1089 1537 1150 1620 τὴν
1172 1537 1328 1619 τελευτὴν
1350 1538 1391 1600 τά
1412 1536 1577 1620 πράγματ’
1604 1530 1708 1620 αὐτῷῚ

654 1662 669 1708 2
690 1639 753 1724 ἐγὼ
776 1640 849 1727 γάρ,
874 1636 899 1705 ὦ
923 1641 1041 1726 ἄνδρες
1056 1640 1236 1725 Ἀθηναῖοι,
1260 1641 1378 1727 σφόδρ’
1405 1641 1447 1707 δν
1469 1643 1622 1726 ἡγούμην
1643 1640 1708 1717 καί,

689 1747 786 1823 αὐτὸς
818 1747 964 1833 φοβερὸν
995 1748 1054 1812 τὸν
1084 1751 1251 1813 Φίλιππον
1283 1749 1338 1812 καὶ
1364 1751 1574 1831 θαυμαστόν,
1608 1750 1636 1812 εἰ
1658 1749 1708 1809 τά

689 1856 800 1918 δίκαια
828 1851 1009 1939 πράττονθ’
1041 1851 1153 1937 ἑώρων
1175 1852 1371 1938 ηὐξημένον·
1401 1864 1466 1919 νῦν
1494 1854 1530 1917 δὲ
1557 1861 1688 1939 θεωρῶν

688 1962 743 2026 καὶ
771 1972 903 2025 σκοπῶν
930 1960 1085 2045 εὑρίσκω,
1113 1961 1174 2044 την
1202 1960 1262 2041 μὲν
1289 1958 1448 2045 ἡμετέραν
1474 1960 1637 2043 εὐήθειαν
1660 1960 1707 2022 τὸ

600 2105 619 2134 ι.
636 2097 673 2137 οτι
688 2065 758 2131 κατ’
790 2067 899 2150 ἀρχάς,
928 2065 974 2130 ὅτ’
1003 2064 1200 2142 Ὀλυνθίους
1227 2067 1417 2150 ἀπήλαυνόν
1444 2090 1531 2143 τινες
1557 2065 1687 2132 ἐνθένδε
1700 2106 1708 2140 3

687 2171 911 2255 βουλομένους
933 2172 1014 2252 ὑμῖν
1032 2174 1259 2256 διαλεχθῆναι,
1283 2179 1327 2260 τῷ
1342 2173 1403 2254 τὴν
1415 2165 1614 2256 Ἀμφίπολιν
1637 2173 1687 2256 φά-

689 2295 780 2343 σκειν
802 2279 1012 2363 παραδώσειν
1034 2279 1088 2343 καῖ
1111 2280 1147 2343 τὸ
1166 2281 1399 2363 θρυλούμενόν
1417 2278 1487 2344 ποτ’
1510 2279 1707 2365 οἰπόρρητονἸ

653 2383 794 2452 3έκεῖνο
823 2385 1077 2468 κατασκευάσαι,
1108 2387 1213 2472 τούτῳ
1240 2388 1546 2471 προσαγαγόμενον,
1580 2389 1643 2471 τὴν
1664 2383 1707 2448 δ’;

684 2490 870 2557 Ὀλυνθίων
896 2492 1013 2574 φιλίαν
1040 2492 1120 2573 μετά
1150 2500 1253 2556 ταῦτα
1284 2499 1329 2579 τῷ
1358 2493 1560 2556 Ποτείδαιαν
1592 2488 1687 2557 οὖσαν

687 2597 848 2683 ὑμετέραν
880 2595 1001 2674 ἐξελεῖν
1033 2598 1088 2662 καῖ
1114 2599 1193 2673 τοὺς
1223 2596 1284 2679 μὲν
1315 2599 1476 2683 πρότερον
1503 2600 1687 2682 συμμάχους

686 2704 771 2784 ὑμᾶς
794 2703 963 2786 ἀδικῆσαι,
985 2705 1193 2790 παραδοῦναι
1217 2701 1247 2766 δ’
1275 2701 1426 2786 ἐκείνοις,
1452 2707 1639 2781 Θετταλοὺς
1661 2705 1687 2769 δὲ

687 2819 753 2875 νῦν
774 2811 814 2874 τά
835 2813 1004 2874 τελευταῖα
1026 2817 1071 2897 τῷ
1091 2810 1292 2892 Μαγνησίαν
1319 2811 1528 2894 παραδώσειν
1556 2811 1687 2896 ὑποσχέ,

688 2922 769 2981 σθαι
787 2915 842 2980 καὶ
860 2915 919 2979 τὸν
934 2915 1087 2979 Φωκικὸν
1104 2917 1248 2996 πόλεμον
1265 2919 1463 2999 πολεμήσειν
1482 2916 1565 3003 ὑπὲρ
1585 2919 1687 2983 αὑτῶν

688 3020 919 3099 ἀναδέξασθαι.
966 3021 1048 3096 ὅλως
1072 3019 1101 3085 δ’
1125 3021 1234 3097 οὐδεὶς
1256 3023 1347 3086 ἔστιν
1365 3020 1467 3086 ὅντιν’
1494 3022 1535 3086 οὑ
1553 3025 1685 3107 πεφενά-

687 3152 779 3194 κικεν
802 3126 926 3203 ἐκεῖνος
948 3139 1015 3192 τῶν
1034 3127 1121 3214 αὐτῷ
1137 3126 1363 3213 χρησαμένων·
1388 3129 1448 3211 τὴν
1466 3129 1529 3214 γάρ
1548 3128 1707 3195 έκάστωνι

687 3237 805 3301 άνοιαν
827 3233 878 3316 ἀεῖ
895 3245 962 3298 τῶν
981 3232 1194 3315 ἀγνοούντων
1213 3234 1315 3298 αὐτὸν
1334 3232 1502 3312 ἐξαπατῶν
1520 3237 1574 3300 καὶ
1592 3255 1684 3320 προσ·
1706 3223 1707 3230 ’

651 3360 668 3407 4
687 3341 864 3425 λαμβάνων
883 3339 987 3416 οὑτως
1006 3337 1143 3422 ηὐξήθη.
1181 3341 1289 3425 ὥσπερ
1309 3336 1371 3405 οὑν
1390 3342 1446 3405 διά
1463 3343 1591 3406 τούτων
1604 3345 1684 3427 ἤρθη
1707 3410 1708 3413 ,

686 3447 796 3530 μέγας,
814 3445 899 3530 ἡνίχ’
922 3446 1052 3510 ἕκαστοι
1071 3444 1243 3530 συμφέρον
1261 3446 1363 3510 αὐτὸν
1387 3446 1515 3524 ἑαυτοῖς
1538 3447 1637 3536 ᾤοντό
1659 3476 1684 3514 τι
