2448 4002
403 207 423 259 Ι.
443 209 691 261 &omnm
1031 210 1052 274 5

54 371 273 455 πρεσβύτατον
303 381 435 456 πρῶτον
466 378 575 454 γῆμαι.
625 368 680 435 καὶ
710 368 747 435 ἐν
773 380 812 456 τῇ
841 371 923 456 αὐτῇ
952 375 1052 458 στήλη

54 488 173 562 πρῶτος
195 474 376 562 γέγραπται
398 478 478 560 μετά
501 476 560 541 τὸν
582 475 716 562 πατέρα,
739 473 817 541 οὐδὲ
841 487 940 543 τοῦτο
964 478 1054 543 ἀπει-

54 586 147 660 κότως
174 583 230 647 διά
257 583 294 647 τὸ
317 583 514 668 πρεσβεύειν
537 605 572 646 τε
595 581 648 647 ἀπ’
672 583 774 649 αὐτοῦ
797 581 852 648 καί
875 595 1056 669 τυραννεῦ-

55 707 111 754 σαι.
146 689 187 754 οῦ
210 691 276 773 μήν
298 687 369 754 οὐδ’
392 687 435 753 ἀν
457 699 631 773 κατασχεῖν
653 715 708 771 μοι
730 691 821 754 δοκεῖ
837 711 915 755 ποτε
930 688 1057 768 Ἱππίας

35 798 86 860 ιτὸ
119 804 314 883 παραχρῆμα
352 795 473 881 ῥηιδίως
503 796 564 878 τήν
596 797 793 881 τυραννίδα,
826 799 855 861 εί
879 794 1057 883 Ἵππαρχος

53 900 108 982 μὲν
137 900 175 967 ἐν
206 911 245 988 τῇ
277 901 360 988 ἀρχή
389 903 437 966 ὢν
464 901 643 984 ἀπέθανεν,
675 903 773 979 αὐτὸς
801 899 837 968 δέ
865 905 1056 990 αὐθημερὸν

53 1012 240 1074 καθίστατο·
272 1008 354 1072 ἀλλά
385 1007 439 1073 καὶ
472 1010 527 1073 διά
557 1009 594 1072 τὸ
626 1011 788 1095 πρότερον
820 1008 962 1094 ξύνηθες
988 1021 1057 1089 τοῖς

53 1111 108 1196 μὲν
128 1117 278 1191 πολίταις
300 1117 457 1200 φοβερόν,
487 1112 521 1191 ἐς
544 1110 580 1179 δὲ
603 1117 681 1190 τοῦς
703 1113 901 1202 ἐπικούρους
926 1116 1058 1203 ἀκριβὲς

54 1226 159 1308 πολλῷ
189 1229 236 1309 τῷ
265 1223 412 1306 περιόντι
443 1231 504 1286 τοῦ
536 1220 707 1304 ἀσφαλοῦς
738 1224 970 1308 κατεκράτησε,
1002 1223 1057 1288 καλ

25 1355 43 1392 ιο
54 1329 109 1412 οὐχ
131 1329 175 1404 ὡς
198 1327 340 1412 ἀδελφὸς
362 1328 520 1413 νεώτερος
543 1329 590 1392 ὢν
612 1328 787 1413 ἠπόρησεν,
810 1326 847 1392 ἐν
870 1319 897 1415 93
920 1329 960 1393 οῦ
978 1332 1057 1415 πρό-

52 1458 143 1520 τερον
166 1432 309 1517 ξυνεχῶς
331 1434 486 1516 ὡμιλήκει
508 1443 547 1520 τῇ
571 1434 661 1519 ἀρχή.
694 1431 857 1522 Ἱππάρχφ
880 1431 917 1499 δὲ
936 1432 1056 1519 ξυνέβη

53 1551 107 1605 τοῦ
133 1541 266 1616 πάθους
292 1549 331 1626 τῇ
357 1541 518 1625 δυστυχίᾳ
542 1539 773 1622 ὀνομασθέντα
795 1538 849 1605 καὶ
873 1542 934 1624 τήν
957 1538 1057 1618 δόξαν

52 1656 105 1729 της
125 1649 325 1732 τυραννίδος
347 1644 381 1723 ἐς
402 1648 443 1711 τδ
465 1649 575 1711 ἔπειτα
597 1651 807 1732 προσλαβεῖν.

118 1754 188 1818 Τὸν
215 1750 245 1817 δ’
268 1747 331 1818 οὖν
353 1751 528 1838 Ἀρμόδιον
555 1752 789 1839 ἀπαρνηθέντα
811 1754 871 1837 τήν
893 1754 1055 1840 πείρασιν,
1072 1767 1111 1820 III

24 1861 159 1947 αύσπερ
182 1862 358 1942 διενοεῖτο,
384 1859 664 1944 προυπηλάκισεν·
697 1860 845 1944 ἀδελφήν
867 1862 930 1945 γὰρ
954 1860 1058 1925 αὐτοῦ

52 1970 150 2054 κόρην
173 1964 425 2051 ἐπαγγείλαντες
446 1966 540 2048 ήκειν
562 1976 688 2031 κανοῦν
712 1972 871 2032 οίσουσαν
892 1964 929 2031 ἐν
947 1977 1058 2053 πομπή

51 2098 129 2157 τινι,
163 2072 335 2156 ἀπήλασαν
367 2071 517 2156 λέγοντες
545 2067 623 2136 ούδέ
651 2071 840 2157 ἐπαγγείλαι
867 2074 928 2156 τήν
955 2073 1059 2159 ἀρχήν

52 2181 103 2244 διὰ
134 2181 173 2244 τὸ
204 2180 248 2262 μή
281 2177 375 2256 ἀξίαν
402 2174 496 2243 εἶναι.
541 2182 688 2262 χαλεπῶς
716 2175 752 2244 δέ
779 2177 969 2264 ἐνεγκόντος
995 2189 1090 2244 τοῦῦ

48 2283 222 2372 Ἁρμοδίου
245 2289 356 2372 πολλῷ
375 2286 416 2368 δή
438 2289 564 2366 μᾶλλον
588 2283 630 2348 δι’
657 2283 785 2350 ἐκεῖνον
808 2284 862 2351 καὶ
882 2285 1060 2372 ὁἈριστο-

21 2395 169 2474 ιογείτων
200 2390 419 2477 παρωξύνετο.
473 2390 528 2456 καὶ
561 2391 672 2468 αὐτοῖς
703 2393 742 2456 τά
773 2388 835 2472 μὲν
866 2395 949 2458 ἀλλα
979 2395 1061 2479 πρὸς

50 2501 126 2575 τοὺς
144 2496 471 2581 ξυνεπιθησομένους
488 2505 534 2585 τῷ
549 2499 634 2586 ἔργῳ
653 2495 845 2583 ἐπέπρακτο,
867 2497 1060 2585 περιέμενον

50 2601 84 2668 δέ
114 2607 342 2688 Παναθήναια
373 2605 412 2668 τά
443 2605 582 2687 μεγάλα,
615 2601 651 2669 ἐν
683 2595 704 2690 ᾗ
734 2606 839 2684 μόνον
868 2603 972 2692 ήμέρηι
999 2606 1060 2690 οὐχ

49 2710 199 2776 ὕποπτον
231 2708 378 2795 ἐγίγνετο
411 2709 448 2774 ἐν
481 2710 592 2787 ὅπλοις
623 2721 690 2775 τῶν
718 2715 864 2776 πολιτῶν
895 2714 973 2788 τοὺς
1000 2713 1061 2795 τήν

48 2819 183 2901 πομπήν
209 2817 397 2899 πέμψοντας
424 2817 570 2903 ἀθρόους
595 2815 767 2900 γενέσθαι·
797 2815 852 2882 καὶ
876 2819 942 2881 ἔδει
965 2816 1060 2902 ἀρξαι

19 2920 109 3003 ιιμὲν
147 2924 284 3007 αύτούς,
321 2923 562 3004 ξυνεπαμύνειν
594 2919 631 2987 δέ
663 2924 768 2999 εὐθὺς
799 2924 838 2988 τά
870 2924 952 3009 πρὸς
983 2927 1061 3000 τοὺς

49 3031 261 3116 δορυφόρους
288 3028 443 3106 ἐκείνους.
488 3025 573 3114 ἦσαν
596 3026 633 3094 δέ
656 3031 696 3095 οὐ
719 3027 835 3094 πολλοὶ
859 3031 890 3094 ολ
914 3028 1095 3113 ξυνομω-3

48 3140 185 3215 μοκότες
216 3136 396 3221 ἀσφαλείας
427 3135 535 3200 ἕνεκα·
566 3139 702 3220 ήλπιζον
734 3137 796 3222 γάρ
828 3134 883 3200 καὶ
913 3137 991 3212 τοὺς
1016 3137 1060 3219 μή

49 3244 254 3329 προειδότας,
277 3245 305 3308 εί
326 3241 381 3307 καὶ
400 3241 581 3308 ὁποσοιοῦν
599 3247 805 3328 τολμήσειαν,
828 3241 863 3308 ἐκ
881 3250 941 3307 τοῦ
958 3263 1062 3326 παρα-

50 3359 169 3435 χρῆμα,
193 3350 327 3433 ἐχοντάς
349 3372 387 3432 γε
410 3349 508 3432 όπλα,
537 3347 709 3433 ἐθελήσειν
732 3360 819 3434 σφᾶς
842 3349 963 3425 αὐτοὺς
985 3346 1061 3426 ξυν-

19 3460 264 3541 ιοελευθεροῦν.

117 3561 185 3627 Καὶ
214 3563 258 3638 ὡς
285 3560 430 3645 ἐπῆλθεν
457 3563 477 3646 η
505 3561 615 3648 ἑορτή,
639 3560 764 3639 Ἱππίας
790 3559 852 3646 μέν
875 3561 935 3640 ἐξω
958 3559 995 3626 ἐν
1018 3569 1114 3648 tw
