2448 4002
388 175 420 228 Π.
441 176 690 230 ΘΟΤΚΤΔΙΔΗΣ,
784 247 791 261 1
1027 171 1045 234 7

42 368 72 408 τε
104 347 249 408 πολιτῶν
283 342 428 416 πολλοὺς
463 341 586 403 ἔκτεινε
617 335 672 402 καὶ
703 337 856 422 πρὸς.τά
888 337 948 416 ἔξω
981 339 1047 421 ἅμα

44 452 250 530 διεσκοπείτο,
273 453 306 512 εί
324 453 433 512 ποθεν
456 444 640 528 ἀσφάλειάν
662 467 738 507 τινα
760 438 846 531 δρῴη
865 448 1047 529 μεταβολῆς

44 554 212 640 γενομένης
239 553 454 639 ύπάρχουσάν
481 552 522 617 οὶ.
563 549 737 616 Ἱππόκλου
764 559 849 633 γοῦν
871 543 931 616 τοῦ
954 557 1081 634 Λαμ-3
1202 589 1203 592 =

43 672 184 747 ψακηνοῦ
212 661 380 746 τυράννου
405 659 567 744 Λίαντίδη
594 666 640 746 τῷ
661 657 755 724 παιδὶ
777 656 948 744 θυγατέρα
970 659 1046 725 ἑαυ-

24 779 94 834 ιιοῦ
115 770 196 852 μετὰ
218 777 322 833 ταῦτα
339 764 543 851 Ἀρχιδίκην,
561 763 739 848 Ἀθηναῖος
761 765 810 829 ῶν
824 769 1046 855 Λαμψακηνῶ,

43 877 167 959 ἔδωκεν,
181 876 424 956 αἰσθανόμενος
438 872 559 947 αὐτοὺς
571 870 655 953 μέγα
669 874 756 957 παρὰ
770 876 900 957 βασιλεῖ
913 877 1044 963 Δαρείῳ

43 983 209 1048 δύνασθαι.
255 979 310 1046 καὶ
342 978 443 1061 αύτης
474 987 561 1061 σῆμα
592 975 630 1041 ἐν
652 979 824 1068 Λαμύάκῳ
856 979 947 1046 ἐστίν
976 979 1045 1047 έπί-

43 1113 165 1174 γραμμα
188 1091 265 1173 έχον
287 1088 375 1152 τόδε·

79 1194 228 1281 (Ἀνδρδς
255 1194 510 1280 ἀριστεύσαντος
537 1191 575 1257 ἐν
593 1190 726 1256 Ἑλλάδι
752 1205 821 1259 τῶν
844 1192 896 1279 ἀφ’
924 1195 1044 1262 ἑαυτοῦ

15 1323 33 1361 α
116 1300 245 1366 Ἱππίου
264 1299 456 1386 ’Λρχεδίκην
477 1300 537 1383 ἥδε
559 1297 698 1363 κέκευθε
720 1301 824 1376 κόνις·
924 1345 927 1350 -

78 1408 96 1491 ἣ
118 1410 241 1493 πατρός
262 1430 298 1471 τε
321 1406 375 1472 καὶ
398 1406 520 1493 ἀνδρὸς
542 1406 698 1488 ἀδελφῶν
720 1404 747 1469 τ’
766 1400 851 1472 ούσα
868 1408 1044 1494 τυράννων

119 1515 249 1579 παίδων
271 1512 299 1578 τ’
323 1514 384 1578 οὐκ
405 1515 495 1599 ἤρθη
518 1521 603 1577 νοῦν
626 1510 659 1589 ἐς
681 1511 910 1598 ἀτασθαλίην.’

41 1623 257 1707 τυραννεύσας
293 1616 330 1685 δὲ
362 1622 417 1704 έτη
449 1622 524 1705 τρία
546 1616 673 1695 Ἱππίας
700 1621 748 1683 έτι
771 1617 961 1704 ’Λθηναίων
988 1621 1078 1688 καλ4

41 1726 173 1804 παυθεὶς
186 1726 224 1792 έν
237 1734 283 1815 τῷ
292 1727 434 1814 τετάρτῳ
448 1727 513 1791 ὑπὸ
527 1726 800 1808 Λακεδαιμονίων
814 1725 869 1792 καί
884 1726 1042 1811 ’Λλκμεω-

16 1836 135 1900 ονιδῶν
153 1845 220 1899 τῶν
239 1836 433 1918 φευγόντων
448 1831 563 1918 ἐχώρει
580 1833 791 1911 ὑπόσπονδος
810 1837 843 1911 ἒς
855 1858 891 1898 τε
905 1837 1043 1919 Σηιειον

41 1940 86 2006 καὶ
107 1939 183 2026 παρ’
202 1941 387 2023 Λίαντίδην
409 1937 443 2016 ἐς
460 1939 654 2024 Λάμψακον,
678 1939 809 2006 ἐκεῖθεν
832 1937 869 2006 δέ
888 1941 932 2018 ῶς
949 1946 1042 2026 βασι-

42 2045 89 2112 λέα
106 2054 263 2133 Δαρεῖον,
285 2046 368 2111 όθεν
390 2045 445 2111 καὶ
468 2046 656 2131 ὁρμώμενος
679 2044 712 2123 ές
731 2051 931 2134 Μαραθῶνα
948 2048 1042 2114 ύστε-

13 2192 14 2252 3
42 2177 92 2235 ρον
118 2157 182 2220 ἔτει
210 2154 347 2240 εἰκοστῷ
369 2154 432 2237 ἤδη
460 2151 568 2238 γέρων
595 2153 643 2216 ῶν
668 2155 748 2234 μετὰ
771 2155 901 2238 Μηδων
928 2154 1042 2241 ἐστρά-

13 2267 14 2283 ’
41 2277 154 2326 τευσεν.

41 2451 71 2518 Π.
100 2454 274 2519 Pausanias
293 2455 486 2539 proditionis
504 2457 569 2519 iam
583 2455 703 2519 dudum
717 2460 893 2540 suspectus,
911 2457 1040 2521 tandem

317 2544 482 2608 convictus
505 2545 589 2608 fame
612 2547 751 2609 necatur.

337 2664 471 2736 (Thucyd.
487 2666 500 2718 I
519 2671 578 2735 128,
598 2667 730 2732 3-134.)

17 2805 30 2848 Ιι
92 2791 224 2876 Ἐπειδὴ
258 2795 453 2868 Παυσανίας
489 2792 507 2858 ό
539 2793 799 2874 Λακεδαιμόνιος
834 2795 871 2858 τὸ
907 2805 1070 2878 πρῶτονη

18 2897 274 2982 ιμεταπεμφθεὶς
300 2898 364 2963 ὑπὸ
388 2903 608 2985 Σπαρτιατῶν
634 2899 696 2964 ἀπὸ
719 2907 777 2981 τῆς
800 2898 901 2985 ἀρχῆς
922 2909 980 2982 της
1003 2899 1040 2965 έν
1053 2926 1146 2965 οταν

37 2999 253 3094 Ἑλλησπόντῳ
267 3003 322 3070 καὶ
336 3005 465 3092 κριθεὶς
478 3004 534 3070 ὑπ’
553 3006 664 3071 αὐτῶν
677 3005 828 3090 ἀπελύθη
842 3008 886 3090 μὴ
900 3005 1039 3090 ἀδικεῖν,

19 3107 170 3197 ’δημοσίῳ
196 3111 258 3193 μὲν
285 3109 395 3177 οὐκέτι
417 3110 622 3196 ἐξεπέμφθη,
651 3114 719 3199 ίδίῳ
742 3114 779 3177 δὲ
801 3113 900 3188 αύτὸς
921 3115 1038 3199 τριήρη

40 3218 139 3301 λαβὼν
162 3215 354 3304 Ἑρμιονίδα
383 3220 464 3283 ἀνευ
492 3220 763 3301 Λακεδαιμονίων
791 3220 978 3304 ἀφικνεῖται
1005 3218 1039 3296 ἐς

21 3319 278 3409 ίθλλησποντον,
300 3333 347 3412 τῷ
369 3326 430 3408 μέν
453 3327 541 3412 λόγῳ
563 3323 616 3390 ἐπὶ
634 3327 693 3391 τὸν
711 3328 867 3410 Μηδικὸν
884 3328 1038 3411 πόλεμον,

22 3439 73 3520 λεῷ
87 3433 124 3498 δὲ
142 3432 228 3520 ἔργῳ
246 3433 287 3496 τὰ
304 3432 387 3518 πρὸς
402 3430 540 3515 βασιλέα
552 3433 726 3517 πράγματα
738 3434 909 3520 πράσσειν,
929 3433 1038 3518 ὥσπερ

22 3519 81 3603 διαὶ
107 3539 145 3603 τὸ
173 3548 306 3623 πρῶτον
328 3536 545 3624 ἐνεχείρησεν,
575 3537 748 3623 ἐφιέμενος
770 3549 828 3626 της
846 3538 1039 3624 Ἑλληνικῆς
