2448 4002
468 187 513 240 XI.
534 189 693 240 ΠΛΑΤΩΝ.
1042 189 1084 253 35

28 396 29 436 ,
78 351 120 426 είς
147 351 371 435 δικαστήριον,
400 349 450 414 ὅτι
479 350 519 414 ού
548 353 667 431 νομίζω
695 353 798 427 θεοὺς
825 347 910 416 εἶναι
934 351 1085 417 ἀπειθῶν

28 441 29 458 ¹
77 467 111 542 τή
141 460 278 542 μαντείῳ
310 457 365 522 καὶ
397 457 514 534 δεδιὼς
545 457 696 522 θάνατον
722 458 776 522 καὶ
804 459 954 540 οἰόμενος
981 461 1085 542 σοφὸς

76 559 156 628 εἶναι
175 564 237 628 οὐκ
260 565 317 628 ὥν.
353 565 390 628 τὸ
409 564 473 650 γάρ
492 587 543 629 τοι
561 564 712 629 θάνατον
730 563 886 648 δεδιέναι,
909 560 935 630 ὦ
955 566 1084 650 ἀνδρες,

76 671 171 735 οὐδὲν
189 672 270 735 ἀλλο
289 669 418 754 ἐστίνή
438 673 551 736 δοκεῖν
569 672 677 755 σοφὸν
695 665 780 736 εἶναι
796 673 840 756 μὴ
855 673 948 737 ὄντα·
972 674 1085 737 δοκεῖν

53 780 132 863 ιγάρ
161 776 285 843 εἰδέναι
313 776 405 842 ἐστὶν
431 776 452 842 ἀ
480 779 542 843 οὐκ
565 773 665 843 οἶδεν.
711 773 782 844 οἶδε
804 779 865 860 μὲν
887 780 950 864 γὰρ
974 779 1084 855 οὐδεὶς

75 887 130 949 τὸν
159 885 309 950 θάνατου
341 883 412 950 οὐδ’
441 886 469 949 εἰ
501 885 657 968 τυγχάνει
685 893 730 972 τῷ
755 884 922 974 ἀνθρώπῳ
950 886 1084 951 πάντων

72 991 225 1076 μέγιστον
256 992 298 1056 δν
329 1003 397 1056 τῶν
423 991 572 1075 ἀγαθῶν,
604 992 732 1056 δεδίασι
761 990 790 1056 δ’
813 994 858 1069 ῶς
885 987 921 1057 εὖ
951 994 1082 1075 εἰδότες,

73 1099 118 1162 ὅτι
150 1097 308 1182 μέγιστον
339 1110 406 1162 τῶν
438 1109 550 1163 κακῶν
581 1096 659 1163 ἐστι.
709 1099 764 1163 καί
796 1109 894 1165 τοῦτο
924 1111 993 1176 πῶς
1021 1101 1117 1166 οὐκε

72 1205 196 1286 ἀμαθία
232 1203 322 1270 ἐστίν
359 1203 441 1289 αὕτη
478 1206 498 1288 ή
531 1203 769 1288 ἐπονείδιστος,
805 1205 826 1288 ή
858 1215 918 1271 τοῦ
951 1213 1082 1271 οῖεσθαι

38 1338 60 1375 10
72 1311 192 1377 εἰδέναι
216 1311 237 1376 ἀ
260 1312 321 1377 ούκ
345 1305 449 1391 οἷδεν;
473 1310 537 1395 ἐγὼ
561 1310 606 1395 δ’,
630 1307 656 1376 ὦ
679 1313 808 1396 ἀνδρες,
831 1313 1011 1400 τούτῳκαὶ
1030 1312 1081 1378 ἐν-

71 1427 178 1484 ταῦθα
206 1425 285 1495 ἴσως
313 1417 459 1503 διαφέρω
487 1429 555 1482 τῶν
582 1424 716 1483 πολλῶν
743 1418 947 1503 ἀνθρώπων,
975 1421 1029 1484 καὶ
1052 1422 1081 1484 εἰ

71 1527 109 1611 δή
131 1550 177 1613 τῳ
202 1527 389 1611 σοφώτερός
411 1549 471 1590 του
494 1529 599 1609 φαίην
622 1520 718 1608 εἶναι,
741 1527 847 1613 τούτῳ
871 1526 923 1609 ἀν,
947 1526 996 1591 ὅτι
1020 1528 1081 1592 οὐκ

70 1635 163 1710 εἰδὼς
186 1633 307 1708 ἱκανῶς
328 1633 404 1717 περὶ
427 1643 494 1696 τῶν
517 1630 554 1696 ἐν
568 1631 679 1697 Ἅιδου
703 1633 790 1698 ούτω
813 1634 868 1698 καλ
892 1639 1001 1715 οῖομιιι
1020 1635 1081 1699 οὐκ

70 1741 204 1806 εἰδέναι·
236 1740 273 1804 τὸ
301 1735 339 1803 δὲ
367 1738 495 1803 ἀδικεῖν
521 1740 575 1804 καὶ
598 1738 752 1804 ἀπειθεῖν
774 1747 819 1828 τῳ
839 1743 999 1823 βελτίονι,
1027 1743 1081 1806 καὶ

35 1872 57 1913 15
69 1855 136 1936 θεῷ
156 1848 211 1912 καλ
235 1846 418 1933 ἀνθρώπῳ,
446 1845 496 1909 ὅτι
519 1847 622 1910 κακὸν
644 1848 699 1910 καῖ
723 1848 859 1932 αἰσχρόν
882 1845 973 1911 ἐστιν
997 1843 1080 1912 οῖδα.

68 1956 129 2038 πρὸ
159 1948 222 2018 οὖν
249 1964 317 2018 τῶν
343 1963 464 2035 κακῶν,
495 1946 542 2016 ὧν
570 1947 645 2017 οἶδα
672 1953 722 2017 ὅτι
750 1953 833 2017 κακά
861 1951 961 2037 ἐστιν,
990 1952 1010 2017 ἀ
1037 1956 1115 2038 μή4

69 2057 142 2125 οἶδα
166 2062 194 2126 εί
214 2060 325 2144 ἀγαθὰ
344 2061 424 2124 ὄντα
442 2059 598 2142 τυγχάνει
617 2058 775 2124 ούδίποτε
794 2063 982 2143 φοβήσομαι
1002 2057 1080 2125 οὐδὲ

68 2167 241 2250 φεύξομαι·
274 2167 357 2232 ὥστε
388 2164 459 2230 οὐδ’
487 2171 520 2229 εῖ
544 2188 582 2246 με
610 2175 676 2229 νῦν
703 2166 796 2246 ὑμεῖς
823 2166 936 2250 ἀφίετε
958 2165 1079 2255 Ἀνύτῳ

68 2274 313 2358 ἀπιστήσαντες,
340 2273 376 2348 ὃς
399 2275 462 2355 ἔφη
485 2271 505 2355 ἢ
529 2274 591 2356 τήν
613 2271 718 2356 ἀρχὴν
741 2273 780 2337 ού
805 2273 877 2337 δεῖν
900 2269 955 2354 ἐμὲ
979 2275 1079 2360 δεῦρο

30 2383 233 2446 εοείσελθεῑν
263 2381 299 2463 ή,
332 2378 445 2462 ἐπειδὴ
475 2380 645 2463 εἰσῆλθον,
678 2379 739 2463 οὐχ
772 2371 845 2444 οἷόν
874 2378 901 2443 τ’
930 2375 1015 2444 εἶναι
1042 2382 1079 2445 τὸ

67 2489 108 2572 μή
137 2487 330 2552 ἀποκτεῖναί
354 2509 408 2568 με,
441 2483 548 2568 λέγων
574 2486 656 2570 πρὸς
682 2486 768 2567 ὑμᾶς
794 2485 852 2567 ὡς,
885 2488 913 2550 εἰ
942 2487 1079 2570 διαφευ-

67 2594 192 2678 ξοίμην,
223 2594 286 2676 ήδη
319 2591 361 2656 ἀν
388 2593 483 2673 ὑμῶν
510 2592 541 2656 οἱ
569 2592 653 2668 υἱεῖς
681 2590 929 2676 ἐπιτηδεύοντες
956 2591 977 2656 ἀ
1005 2598 1078 2658 Σω-

66 2702 186 2786 κράτης
222 2700 370 2765 διδάσκει
407 2699 527 2775 πάντες
558 2699 746 2763 παντάπασι
779 2699 1078 2785 διαφθαρήσονται,

66 2845 108 2854 —-
133 2814 165 2872 εί
187 2831 243 2888 μοι
265 2807 348 2891 πρὸς
370 2814 473 2870 ταῦτα
496 2811 631 2870 εῖποιτε·
664 2801 690 2869 ὦ
715 2805 902 2891 Σώκρατες,
931 2815 995 2870 νῦν
1018 2803 1113 2888 μὲνε

27 2939 52 2978 25
60 2911 180 3000 Ἀνύτῳ
218 2913 257 2977 οὐ
295 2914 491 2994 πεισόμεθα,
529 2909 599 2975 ἀλλ’
627 2909 766 2995 ἀφίεμέν
799 2929 851 2994 σε,
888 2910 940 2976 ἐπὶ
972 2913 1078 3000 τούτῳ

65 3019 187 3103 μέντοι,
211 3017 263 3102 ἐφ’
286 3011 346 3106 ᾧτε
369 3017 483 3102 μηκέτι
507 3016 545 3082 ἐν
566 3019 667 3104 ταύτη
691 3027 729 3103 τή
749 3021 876 3102 ζητήσει
895 3019 1078 3104 διατρίβειν

65 3123 146 3211 μηδὲ
183 3131 395 3210 φιλοσοφεῖν·
432 3123 490 3188 ἐὰν
522 3121 559 3189 δὲ
591 3125 675 3212 ἀλῳς
706 3126 754 3189 ἔτι
785 3126 883 3190 τοῦτο
915 3126 1077 3210 πράττων,

66 3232 241 3298 ἀποθανεῖ·
267 3233 296 3296 εἰ
320 3225 383 3296 οὖν
405 3254 455 3315 με,
478 3231 558 3317 ὅπερ
582 3227 686 3314 εἷπον,
710 3230 762 3296 ἐπὶ
785 3232 915 3308 τούτοις
937 3231 1077 3316 ἀφιόιτε,

66 3337 184 3421 εἴποιμ’
208 3337 251 3402 ἀν
272 3339 353 3420 ὑμῖν
372 3338 422 3402 ὅτι
442 3336 504 3420 ἐγὼ
523 3337 618 3420 ὑμᾶς,
642 3339 760 3422 ἀνδρες
772 3337 951 3422 Ἀθηναῖοι,
975 3338 1077 3404 ἀσπά-

22 3449 157 3527 τοζομαι
189 3441 250 3527 μὲν
277 3446 332 3510 καί
360 3450 462 3528 φιλῶ,
494 3447 647 3526 πείσομαι
677 3440 713 3508 δὲ
741 3450 867 3526 μᾶλλον
894 3452 939 3533 τῷ
963 3452 1032 3534 θεῷ
1056 3445 1076 3528 ή

64 3553 154 3635 ὑμῖν,
186 3554 240 3616 καί
273 3551 399 3636 ἕωσπερ
428 3549 470 3614 ἀν
497 3549 624 3631 ἐμπνέω
653 3551 707 3615 καὶ
735 3543 804 3628 οἷός
830 3575 865 3617 τε
893 3549 933 3636 ὦ,
966 3553 1005 3617 οὐ
1033 3554 1076 3637 μή
