2448 4002
151 197 200 260 ’24
499 195 557 249 VH.
576 197 825 274 οοΤΚΤΔΙΔΗΣ.

146 360 267 442 ςνυτάς,
287 358 368 423 ἀλλὰ
386 358 492 426 πάντα
510 358 662 434 ὑπόπτως
676 357 921 440 ἀποδεχόμενοι,
940 357 994 421 διδι
1008 368 1165 443 πονηρῶν

147 466 345 550 ἀνθρώπων
363 467 475 536 πίστιν
492 465 580 530 πάνυ
597 466 759 549 χρηστοὺς
776 474 844 528 τῶν
861 467 1006 528 πολιτῶν
1024 461 1164 544 ξυλλαμ·

149 573 315 656 ’βαίνοντες
337 570 508 654 κατέδουν,
532 571 778 656 χρησιμώτερον
800 570 978 653 ἡγούμενοι
998 564 1083 634 εἶναι
1106 573 1164 653 βα-

156 682 288 746 σανίσαι
311 679 355 742 τὸε
370 687 503 763 πρᾶγμα
521 675 576 741 καὶ
594 676 705 761 εὑρεῖν
722 675 742 759 ἢ
762 677 818 741 διὰ
836 684 983 760 μηνυτοῦ
1002 678 1166 761 πονηρίαν

122 799 137 847 3
156 787 230 850 τινά
249 781 302 849 καὶ
321 785 465 869 χρηστὸν
483 785 646 848 δοκοῦντα
661 779 746 848 εἶναι
762 781 954 847 αίτιαθέντα
968 781 1165 867 ἀνέλεγκτον
1184 805 1194 844 ε

132 893 343 975 ’διαφυγεῖν
367 889 578 970 ἐπιστάμενος
600 892 662 975 γάρ
686 890 704 956 6
729 892 831 972 δῇμος
858 888 938 974 ἀκοῇ
966 890 1027 972 τὴν
1050 893 1165 954 Πεισι-

158 999 298 1083 στράτου
327 994 381 1062 καὶ
409 1007 476 1061 τῶν
506 998 635 1060 παίδων
667 997 849 1081 τυραννίδα
880 997 1025 1080 χαλεπὴν
1056 1001 1166 1060 τελευ-

156 1115 267 1171 τῶσαν
298 1101 479 1186 γενομένην
511 1100 565 1168 καὶ
596 1101 731 1185 προσέτι
759 1101 831 1167 οὐδ’
862 1100 922 1186 ὑφ’
954 1101 1080 1167 ἑαυτῶν
1112 1100 1166 1167 καὶ

151 1209 324 1295 Ἁρμοδίου
342 1214 597 1296 καταλυθεῖσαν,
617 1208 687 1273 ἀλλ’
709 1209 773 1274 ὑπὸ
789 1211 1071 1292 Λακεδαιμονίων,
1091 1207 1167 1293 ἐφο-

113 1365 115 1371 2
148 1321 248 1401 flesto
272 1314 322 1380 ἀεὶ
345 1314 399 1380 καὶ
422 1317 528 1380 πάντα
550 1315 703 1392 ὑπόπτως
726 1313 917 1398 ἐλάμβανεν.
1183 1339 1219 1380 ω

118 1427 157 1481 V·
220 1416 281 1487 Ὧν
313 1421 561 1505 ἐνθυμούμενος
588 1422 606 1488 6
635 1424 737 1505 δῇμος
765 1422 782 1487 6
811 1433 877 1486 τῶν
897 1420 1083 1505 Ἀθηναίων
1112 1420 1166 1487 καὶ

158 1532 419 1620 μιμνησκόμενος
437 1529 498 1593 ὅσα
516 1528 596 1614 ἀκοῇ
616 1525 690 1614 περὶ
710 1529 820 1594 αὐτῶν
837 1529 1005 1612 ἠπίστατο,
1028 1530 1168 1613 χαλεπὸς
1219 1516 1220 1530 ’

158 1632 201 1720 ἦν
223 1639 295 1700 τότε
318 1637 372 1700 καὶ
395 1635 541 1718 ὑπόπτης
564 1634 597 1711 ές
619 1636 697 1711 τοὺς
721 1633 796 1720 περὶ
823 1646 890 1699 τῶν
912 1647 1081 1716 μυστικῶν
1108 1638 1167 1720 την

161 1744 269 1806 αἰτίαν
288 1745 458 1825 λαβόντας,
478 1739 531 1805 καί
546 1742 652 1806 πάντα
667 1742 778 1818 αὐτοῖς
792 1740 897 1806 ἐδόκει
913 1739 964 1805 ἐπὶ
979 1739 1166 1832 ξυνωμοσίςι

124 1849 349 1933 εόλιγαρχικῇ
377 1846 432 1913 καὶ
460 1857 639 1933 τυραννικῇ
667 1854 863 1934 πεπρᾶχθαι.
904 1845 959 1911 καὶ
987 1849 1030 1924 ὡς
1058 1849 1167 1916 αὐτῶν
1182 1873 1205 1914 15

160 1956 215 2020 διά
242 1955 278 2019 τὸ
301 1964 454 2020 τοιοῦτον
477 1953 696 2040 ὀργιζομένων
724 1957 843 2019 πολλοί
867 1951 979 2019 τεκαὶ
1003 1953 1166 2040 ἀξιόλογοι
1221 2013 1222 2018 ,

160 2064 332 2146 ἄνθρωποι
346 2063 408 2145 ἤδη
424 2060 460 2126 ἐν
473 2068 519 2149 τῷ
530 2063 739 2148 δεσμωτηρίῳ
753 2057 838 2144 ἦσαν
851 2062 905 2125 καί
924 2061 985 2126 οὑκ
1004 2059 1041 2125 ἐν
1059 2063 1166 2152 παύλη

161 2169 323 2252 ἐφαίνετο,
347 2167 428 2232 ἀλλὰ
452 2165 529 2231 καθ’
555 2166 680 2251 ἡμέραν
703 2167 899 2232 ἐπεδίδοσαν
926 2171 1051 2248 μᾶλλον
1075 2166 1108 2244 ές
1130 2171 1165 2233 τὸ

161 2275 361 2360 άγριώτερόν
383 2271 495 2337 τεκαὶ
518 2276 652 2350 πλείους
674 2276 721 2338 ἔτι
748 2272 998 2357 ξυλλαμβάνειν,
1022 2273 1167 2340 ἐνταῦθα

162 2381 375 2446 ἀναπείθεται
389 2371 436 2455 εἷς
449 2391 516 2443 τῶν
530 2379 724 2463 δεδεμένων,
744 2381 844 2465 ὅσπερ
859 2379 965 2446 ε’δόκει
980 2382 1168 2458 αἰτιώτατος
1182 2410 1209 2448 κο

162 2483 257 2571 εἶναι,
278 2487 343 2551 ὑπὸ
361 2499 428 2550 τῶν
442 2484 681 2568 ξυνδεσμωτῶν
694 2511 784 2563 τινος
798 2493 862 2552 είτε
881 2489 944 2573 ἀρα
962 2485 1016 2553 καὶ
1035 2489 1074 2552 τά
1089 2490 1168 2553 όντα

162 2604 306 2677 μηνῦσαι
325 2599 390 2657 είτε
404 2590 458 2656 καὶ
478 2594 530 2657 ού·
551 2591 599 2657 ἐπ’
623 2593 790 2677 ἀμφότερα
808 2595 871 2679 γάρ
890 2595 1057 2678 εἰκάζεται,
1076 2595 1112 2659 τὸ
1133 2596 1169 2660 δὲ

162 2700 265 2784 σαφὲς
289 2697 399 2775 οὐδεὶς
422 2700 498 2764 οὔτε
520 2702 592 2765 τότε
616 2701 691 2765 οὔτε
714 2699 855 2784 ὕστερον
878 2703 943 2785 ἔχει
967 2703 1072 2765 εἰπεῖν
1094 2701 1169 2788 περὶ

127 2824 142 2867 3
162 2818 229 2871 τῶν
252 2806 446 2890 δρασάντων
464 2807 500 2870 τὸ
519 2807 626 2890 ἔργον.
664 2805 769 2889 λέγων
788 2807 825 2871 δὲ
843 2809 973 2873 ἔπεισεν
996 2808 1107 2892 αὐτόν,
1126 2810 1169 2886 ὡς

162 2916 233 2997 χρῇ,
258 2913 285 2976 εί
304 2913 348 2995 μὴ
371 2910 425 2976 καὶ
448 2911 617 2998 δέδρακεν,
641 2912 743 2976 αὑτόν
760 2937 794 2978 τε
814 2915 928 2978 ἀδειαν
946 2915 1169 2998 ποιησάμενον
1183 2941 1211 2981 25

163 3030 266 3084 σῶσαι
294 3015 348 3082 καί
375 3020 436 3102 τὴν
463 3021 561 3083 πόλιν
587 3025 644 3101 τῇς
671 3020 839 3103 παρούσης
866 3020 1009 3098 ὑποψίας
1031 3031 1169 3087 παῦσαι·

163 3124 376 3208 βεβαιοτέραν
403 3125 465 3210 γάρ
499 3126 586 3213 αὐτῷ
616 3128 780 3209 σωτηρίαν
812 3121 897 3191 εἶναι
929 3127 1171 3211 ὁμολογήσαντι

127 3229 230 3312 4μετ’
257 3230 368 3307 ἀδείας
391 3233 410 3316 ῇ
434 3231 613 3316 ἀρνηδέντι
638 3233 692 3296 διά
716 3233 809 3316 δίκης
831 3230 952 3297 ἐλθεῖν.
998 3232 1053 3298 καὶ
1073 3235 1090 3300 6
1110 3237 1173 3318 μὲν

157 3337 261 3413 αὐτός
283 3362 317 3402 τε
340 3336 418 3403 καθ’
445 3337 563 3404 ἑαυτοῦ
587 3339 640 3403 καὶ
664 3337 733 3404 κατ’
765 3340 875 3404 ἀλλων
904 3341 1019 3423 μηνύει
1044 3343 1080 3406 τὸ
1105 3355 1174 3408 τῶν

160 3442 303 3528 Ἑρμῶν·
327 3445 344 3511 6
369 3445 405 3510 δὲ
429 3447 530 3528 δῇμος
553 3446 571 3511 6
595 3457 662 3510 τῶν
678 3444 863 3530 Ἀθηναίων
886 3449 1026 3530 ἄσμενος
1049 3451 1175 3534 λαβών,
1189 3474 1216 3514 so

164 3552 207 3627 ὡς
229 3551 315 3640 ᾤετο,
339 3555 375 3618 τὸ
400 3553 503 3636 σαφὲς
525 3551 579 3617 καὶ
603 3555 715 3619 δεινὸν
737 3556 929 3637 ποιούμενοι
947 3558 1120 3642 πρότερον,
1147 3559 1176 3622 εί
