2448 4002
423 221 468 274 VI.
489 222 737 275 οονκνΔιΔΗΣ.
1044 221 1084 285 19

8 359 9 422 δ
75 406 108 446 τε
131 384 235 468 Νικίᾳ
262 380 515 467 ἐναντιοῦσθαι,
544 385 591 449 διν
618 381 673 447 καὶ
701 380 733 458 ἐς
755 383 795 446 τά
818 384 901 446 ἀλλα
924 383 1085 470 διάφορος

8 507 9 516 ’
74 490 113 552 τά
134 490 288 553 πολιτικά
309 487 364 554 καλ
388 489 439 554 ότι
462 491 566 555 αὐτοῦ
590 491 751 573 διαβόλως
769 486 928 572 ἐμνήσθη,
948 491 1002 554 καί
1025 491 1084 572 μά-

8 607 9 686 ζ
75 601 169 661 λιστα
192 599 417 727 στρατηγήσαί
436 620 471 661 τε
494 594 669 678 ἐπιθυμῶν
691 595 744 660 καὶ
768 593 907 674 ἐλπίζων
925 599 1085 662 Σικελίαν

8 743 9 792 3
74 726 107 766 τε
130 700 175 766 δι’
202 702 306 767 αὐτοῦ
325 704 380 767 καί
398 704 596 788 Καρχηδόνα
615 707 780 787 λήψεσθαι
799 702 853 766 καὶ
872 704 912 766 τά
930 702 1040 766 ἴδια
1018 727 1085 784 αμα

8 810 254 893 ξιεῦτυχήσας
272 812 416 894 χρήμασί
435 833 470 873 τε
489 810 542 874 καὶ
567 809 645 899 δόξη
664 809 857 893 ὠφελήσειν.
899 809 946 872 διν
964 811 1027 894 γάρ
1047 807 1118 877 ἐνκ

8 930 9 938 ’
73 915 274 997 ἀξιώματι“
257 917 321 980 υπὸ
349 927 417 980 τῶν
440 915 563 999 ἀστῶν,
586 925 658 992 ταῖς
681 913 965 996 ἐπιθυμίαιςζ
895 939 934 996 με
935 916 1084 1000 ίζοσινή

73 1023 153 1086 κατά
181 1021 282 1105 τήνε
264 1023 480 1107 υπάρχουσαν
510 1023 630 1087 οὐσίαν
653 1021 770 1107 ἐχρῆτο
794 1024 828 1098 ἐς
850 1045 885 1086 τε
907 1022 965 1098 τάς
989 1023 1083 1087 ἱππο-

72 1131 211 1214 τροφίας
242 1129 295 1192 καί
323 1130 381 1205 τάς
408 1131 508 1206 ἀλλας
536 1129 740 1205 δαπάνας·
729 1129 807 1214 όπερ
840 1128 895 1193 καὶ
927 1135 1083 1194 καθεῖλεν

71 1235 213 1320 ὕστερον
234 1237 295 1319 τήν
317 1247 385 1300 τῶν
400 1234 586 1320 Ἀθηναίων
608 1238 706 1301 πόλιν
729 1236 789 1320 οὐχ
807 1235 933 1318 ἥκιστα.
979 1239 1083 1320 φοβη-
1102 1256 1117 1304 3

38 1369 59 1406 ιο
71 1340 188 1418 θέντες
216 1342 279 1427 γάρ
307 1343 410 1407 αὐτοῦ
438 1344 470 1407 οἱ
497 1344 613 1408 πολλοὶ
640 1343 677 1407 τὸ
700 1341 842 1425 μέγεθος
864 1351 922 1424 τής
943 1365 978 1406 τε
1001 1345 1082 1406 κατά

70 1450 106 1512 τὸ
135 1446 255 1512 ἑαυτοῦ
283 1460 375 1530 σῶμα
402 1452 607 1535 παρανομίας
634 1447 667 1526 ἐς
693 1450 754 1532 τήν
782 1450 913 1513 δίαιταν
939 1448 993 1512 καὶ
1024 1457 1083 1532 τῆς

71 1555 221 1631 διανοίας
240 1549 288 1620 ὧν
305 1553 383 1621 καθ’
406 1556 444 1620 ἓν
462 1554 601 1621 ἕκαστον
615 1553 653 1620 ἐν
666 1555 730 1643 ότφ
745 1557 893 1638 γίγνοιτο
908 1557 1081 1641 ἔπρασσεν,

70 1662 113 1737 ὡς
135 1662 336 1746 τυραννίδος
358 1660 579 1743 ἐπιθυμοῦντι
601 1661 752 1744 πολέμιοι
774 1661 999 1746 καθέστασαν,
1027 1664 1081 1728 καλ

70 1769 212 1852 δημοσίᾳ
239 1768 396 1854 κράτιστα
419 1767 572 1832 διαθέντι
595 1770 635 1833 τά
657 1779 718 1833 τοῦ
741 1767 886 1848 πολέμου
917 1770 985 1854 ἰδίᾳ
1008 1768 1081 1834 ἕκα-

37 1902 56 1940 ιι
71 1893 143 1938 στοι
167 1884 236 1950 τοῖς
254 1872 510 1959 ἐπιτηδεύμασιν
533 1875 636 1940 αὐτοῦ
655 1873 878 1960 ἀχθεσθέντες
896 1877 950 1940 καὶ
969 1877 1081 1953 ἀλλοις

69 1979 301 2066 ἐπιτρέψαντες
324 1981 364 2046 οὐ
389 1982 443 2046 διά
466 1990 593 2066 μακροῦ
617 1983 766 2066 ἔσφηλαν
789 1984 850 2066 τήν
872 1984 978 2047 πόλιν.

127 2192 183 2258 VI.
217 2193 334 2259 Classis
358 2193 605 2260 Atheniensium
628 2194 662 2258 in
686 2193 829 2259 Siciliam
851 2195 1016 2280 profectio.

408 2298 542 2368 (Thucyd.
562 2298 602 2352 V]
621 2300 745 2368 30-32.)

135 2408 231 2472 Μετά
259 2408 296 2472 δέ
319 2416 422 2472 ταῦτα
443 2407 568 2494 θέρους
589 2416 772 2491 μεσοῦντος
793 2411 859 2494 ήδη
881 2409 902 2493 ἡ
924 2410 1079 2493 ἀναγωγὴ
1102 2426 1115 2479 1

66 2513 217 2598 ἐγίγνετο
235 2512 268 2590 ἐς
286 2515 347 2597 τήν
365 2517 532 2579 Σικελίαν.
559 2526 626 2579 τῶν
648 2515 710 2596 μέν
728 2509 791 2579 οὖν
809 2513 985 2600 ξυμμάχων
1008 2527 1078 2592 τοῖς
1091 2555 1110 2584 a.
1124 2545 1164 2586 ιιι

65 2624 233 2697 πλείστοις
255 2619 310 2685 καὶ
333 2631 404 2698 ταῖς
426 2631 622 2705 σιταγωγοῖς
645 2621 760 2686 ὁλκάσι
784 2620 838 2686 καὶ
860 2632 930 2699 τοῖς
951 2625 1080 2700 πλοίοις

32 2755 53 2794 ιο
66 2726 121 2792 καὶ
145 2728 204 2811 ὅση
228 2729 310 2810 ἀλλη
333 2729 522 2814 παρασκευή
541 2727 710 2806 ξυνείπετο
729 2730 890 2814 πρότερον
913 2729 1023 2814 εἴρητο
1047 2728 1080 2807 ἐς

66 2833 244 2920 Κέρκυραν
268 2833 496 2918 ξυλλέγεσθαι,
520 2835 564 2912 ὡς
586 2832 717 2900 ἐκεῖθεν
740 2835 878 2921 ἀθρόοις
897 2833 950 2899 ἐπὶ
974 2837 1079 2922 ἄκραν

62 2941 235 3024 Ἰαπυγίαν
257 2942 316 3006 τὸν
336 2939 455 3006 Ἰόνιον
479 2943 709 3026 διαβαλοῦσιν·
734 2939 828 3006 αὐτοὶ
853 2940 882 3006 δ’
905 2939 1078 3025 Ἀθηναῖοι

65 3047 120 3112 καὶ
149 3048 180 3112 εἴ
205 3071 293 3124 τινες
319 3060 386 3113 τῶν
414 3046 591 3133 ξυμμάχων
617 3057 769 3134 παρῆσαν
797 3046 830 3124 ἐς
852 3049 911 3112 τὸν
936 3053 1078 3135 Πειραιᾶ

65 3155 266 3238 καταβάντες
289 3152 326 3219 ἐν
348 3154 453 3241 ήμέρᾳ
472 3155 553 3241 ῥητῇ
577 3157 642 3237 ἀμα
665 3155 708 3244 ἐφ
731 3153 896 3241 ἐπλήρουν
919 3157 977 3232 τάς
995 3167 1078 3234 ναῦς

31 3288 51 3327 ιι
65 3263 110 3338 ὡς
133 3260 335 3343 ἀναξόμενοι.
368 3260 549 3346 ξυγκατέβη
569 3263 605 3326 δὲ
628 3260 682 3327 καὶ
702 3262 719 3327 ὁ
739 3263 837 3339 ἀλλος
859 3262 971 3344 ὅμιλος
994 3264 1078 3340 ἀπας
1096 3281 1110 3328 2

64 3370 109 3445 ὡς
132 3370 237 3432 εἰπεῖν
261 3367 278 3432 ὁ
302 3367 339 3432 ἐν
362 3376 400 3453 τή
424 3371 516 3433 πόλει
539 3366 594 3433 καὶ
618 3369 728 3434 ἀστῶν
745 3368 801 3434 καὶ
825 3368 938 3454 ξένων,
961 3370 993 3434 ολ
1015 3370 1077 3451 μὲν

64 3475 234 3561 ἐπιχώριοι
252 3477 331 3550 τοὺς
349 3474 529 3560 σφετέρους
547 3476 657 3540 αὐτῶν
671 3474 802 3542 ἕκαστοι
820 3475 1076 3563 προπέμποντες,

64 3585 96 3646 οἱ
120 3583 181 3664 μὲν
204 3580 363 3667 ἑταίρους,
388 3583 419 3645 οἱ
444 3583 480 3646 δέ
499 3580 677 3667 ξυγγενεῖς,
697 3584 728 3648 οἱ
748 3585 785 3649 δὲ
807 3583 908 3669 υἱέας,
931 3581 986 3649 καὶ
1004 3581 1072 3667 μετ’

882 3689 916 3740 3*
