2448 4002
395 215 466 268 VHI.
487 218 736 270 ΘΟΤΚΤΔΙΔΗΣ,
1030 219 1071 282 27

65 379 317 459 Λακεδαιμόνιοι
336 374 422 462 ἦσαν
440 379 529 468 αὐτῷ
543 385 737 465 προσφιλεῖς
756 377 905 456 κάκεῖνος
924 381 984 465 οὐχ
1003 381 1075 464 ἥκι-

65 503 121 548 στα
155 486 210 550 διὰ
241 494 339 550 τοῦτο
371 487 549 562 πιστεύσας
576 483 695 551 ἑαυτὸν
721 493 766 573 τῷ
787 488 945 574 Γυλίππῳ
974 486 1071 572 παρέ-

65 592 176 664 δωκεν.
222 591 305 657 ἀλλά
331 604 399 658 τῶν
426 595 650 678 Συρακοσίων
677 591 778 675 τινές,
806 592 850 668 ὡς
873 591 1015 678 ἐλέγετοχ
1040 596 1071 659 οἱ

63 699 120 777 μὲν
135 700 312 782 δείσαντες,
327 699 377 764 ὅτι
391 700 472 785 πρὸς
486 699 589 764 αὐτὸν
602 697 901 782 ἐκεκοινολύγηντο,
915 701 958 783 μὴ
972 703 1070 783 βασα·

37 807 229 886 κνιζόμενος
252 808 307 871 ύιά
329 806 366 870 τὸ
389 815 521 871 τοιοῦτο
544 806 690 890 ταραχὴν
714 808 831 889 σφίσιν
850 804 887 871 ἐν
910 807 1071 893 εὐπραγίᾳ

61 915 191 998 ποιήσῃ,
210 914 304 977 ἀλλοι
324 911 371 996 δέ,
390 911 445 977 καὶ
464 913 524 996 ούχ
542 913 660 995 ἥκιστα
674 913 706 977 οἱ
725 915 916 997 Κορίνθιοι,
932 915 975 997 μὴ
994 917 1071 999 χρή-

61 1036 137 1097 μασι
166 1020 207 1102 δὴ
233 1020 348 1096 πείσας
377 1020 484 1102 τινάς,
512 1019 562 1084 ὅτι
589 1019 748 1095 πλούσιος
774 1013 831 1103 ἦν,
860 1019 989 1106 ἀποδρᾷ
1016 1018 1071 1084 καί

61 1119 160 1202 αὖθις
182 1127 279 1209 σφίσι
302 1127 464 1210 νεώτερόν
482 1150 514 1190 τι
533 1125 587 1190 ἀπ’
615 1126 718 1190 αὐτοῦ
736 1123 882 1209 γένηται,
900 1127 1071 1203 πείσαντες

61 1235 137 1308 τοὺς
160 1230 348 1316 ξυμμάχους
370 1231 566 1297 ἀπέκτειναν
589 1232 699 1298 αὐτόν.
744 1232 798 1296 καὶ
819 1232 836 1297 ὁ
856 1233 917 1313 μέν
935 1234 1070 1319 τοιαύτῃ
1089 1247 1104 1297 5

29 1336 78 1419 ού
97 1339 147 1402 ὅτι
167 1337 329 1421 ἐγγύτατα
347 1340 476 1404 τούτων
494 1341 582 1426 αἰτία
597 1338 776 1422 ἐτεθνήκει,
795 1338 912 1420 ἥκιστα
926 1340 967 1423 δὴ
981 1337 1071 1417 ἄξιος

60 1445 105 1509 ὢν
137 1457 204 1510 τῶν
236 1469 274 1529 γε
310 1443 360 1510 ἐπ’
397 1443 477 1527 ἐμοῦ
502 1443 669 1529 Ἑλλήνων
697 1443 730 1520 ἐς
761 1454 860 1509 τοῦτο
893 1447 1070 1529 δυστυχίας

60 1551 239 1636 ἀφικέσθαι
263 1553 318 1616 θιά
340 1554 402 1636 τὴν
424 1562 534 1616 πᾶσαν
553 1550 586 1628 ἐς
604 1551 724 1637 ἀρετὴν
743 1550 982 1635 νενομισμένην
1001 1550 1069 1616 ἑπι-

59 1660 221 1741 τύάευσιν.

126 1768 212 1842 Τοὺς
231 1763 261 1828 δ’
284 1763 320 1829 ἐν
338 1775 409 1841 ταῖς
427 1768 635 1846 λιθοτομίαις
653 1766 685 1830 οἱ
705 1768 908 1850 Συρακόσιοι
922 1770 1069 1850 χαλεπῶς
1082 1771 1108 1824 Π
1146 1813 1165 1836 ‚2

27 1893 45 1930 ιι
57 1873 132 1947 τοὺς
145 1872 297 1957 πρώτους
310 1875 451 1957 χρόνους
464 1874 698 1957 μετεχείρισαν.
722 1870 759 1937 ἐν
768 1874 831 1957 γάρ
845 1875 945 1960 κοίλῳ
959 1875 1053 1960 χωρί,

57 1978 153 2054 ὄντας
180 1979 234 2042 καὶ
262 1977 363 2066 ὀλίγῳ
391 1981 535 2055 πολλοὺς
562 1979 596 2043 οἳ
621 2002 656 2042 τε
683 1979 771 2061 ἣλιοι
798 1979 835 2043 τὸ
859 1991 991 2064 πρῶτον
1013 1980 1068 2044 καὶ

56 2094 171 2168 πνῖγος
195 2087 243 2149 ἔτι
270 2083 383 2149 ἐλύπει
411 2086 467 2149 ύιά
493 2086 530 2150 τὸ
559 2083 776 2169 ἀστέγαστον,
807 2085 861 2150 καὶ
890 2087 923 2151 αἱ
951 2087 1067 2162 νύκτες

57 2188 300 2274 ἐπιγιγνόμεναι
328 2192 526 2256 τούναντίον
554 2193 774 2277 μετοπωριναὶ
802 2193 857 2257 καὶ
879 2190 1004 2277 ψυχραὶ
1027 2202 1066 2277 τῇ

55 2301 215 2382 μεταβολῇ
240 2297 273 2374 ἐς
296 2296 476 2363 ἀσθένειαν
498 2297 849 2385 ἐνεωτέριζον,,πάντα
872 2322 906 2363 τε
930 2300 1099 2364 ποιούνκ

24 2423 43 2462 ιο
55 2427 120 2469 των
143 2405 254 2469 αὐτῶν
282 2407 337 2469 ύιά
360 2408 583 2490 στενοχωρίαν
610 2403 648 2469 ἐν
674 2412 719 2492 τῷ
745 2405 906 2493 αὐτῷκαὶ
929 2403 1065 2490 προσέτι

54 2522 119 2575 τῶν
141 2523 269 2596 νεκρῶν
287 2511 371 2593 ὁμοῦ
391 2509 440 2576 ἐπ’
463 2511 616 2594 ἀλλήλοις
635 2509 896 2595 ξυννενημένων,
920 2515 955 2577 οἳ
976 2514 1012 2576 ἔκ
1029 2535 1065 2576 τε

54 2628 119 2682 τῶν
136 2619 333 2703 τραυμάτων
351 2619 405 2682 καὶ
424 2619 480 2682 ἀιά
498 2620 571 2702 τὴν·
577 2619 761 2701 μεταβολὴν
779 2618 834 2682 καὶ
853 2619 890 2682 τὸ
909 2627 1064 2683 τοιοῦτον

53 2723 275 2809 ἀπέθνῃσκον,
294 2726 347 2789 καί
367 2724 463 2806 ὀσμαὶ
482 2720 568 2808 ἦσαν
586 2724 647 2790 οὐκ
666 2723 806 2807 ἀνεκτοί,
825 2723 880 2788 καὶ
899 2729 982 2812 λιμῷ
998 2725 1064 2804 ἀμα

52 2832 104 2895 καὶ
133 2832 214 2921 δίψῃ
242 2829 420 2910 ἐπιέζοντο·
450 2829 605 2896 ἐδίδοσαν
633 2831 695 2915 γάρ
724 2830 834 2894 αὐτῶν
862 2827 986 2918 ἑκάστῳ
1009 2829 1062 2895 ἐπὶ

20 2957 38 2996 ιι
51 2937 134 3003 ὀκτὼ
166 2947 272 3020 μῆνας
302 2939 445 3022 κοτύλην
471 2937 593 3014 ύὸατος
620 2938 673 3002 καὶ
702 2937 763 3001 δύο
791 2937 930 3012 κοτύλας
958 2939 1062 3001 σίτου.

51 3043 133 3108 ἀλλα
155 3068 191 3109 τε
214 3045 276 3109 ὅσα
298 3046 385 3120 εἰκὸς
407 3043 445 3109 ἐν
467 3053 512 3132 τῶ
527 3045 667 3132 τοιούτῳ
686 3045 780 3131 χωρί’
815 3041 1062 3125 ἐμπεπτωκότας

51 3159 296 3235 κακοπαθῆσαι,
324 3151 425 3216 οὐδὲν
452 3151 470 3216 ὅ
492 3175 524 3216 τι
552 3151 614 3216 οὐκ
642 3149 812 3233 ἐπεγένετο
840 3149 960 3226 αὐτοῖς.
1005 3146 1095 3213 καλε

51 3257 170 3344 ἡμέρας
184 3258 245 3340 μὲν
259 3257 484 3342 ἑβδομήκοπά
497 3282 590 3334 τινας
604 3256 690 3321 ούτω
704 3259 910 3347 ἀιχτύθησαν
927 3255 1060 3341 ἀθρόοι·

50 3367 159 3429 ἔπειτα
181 3366 268 3448 πλὴν
284 3362 470 3447 Ἀθηναίων
487 3365 542 3428 καὶ
560 3365 593 3428 εἴ
608 3387 696 3440 τινες
714 3368 926 3428 Σικελιωτῶν
945 3362 964 3446 ἢ
980 3360 1065 3426 Ἰταω

17 3477 178 3536 οιλιωτῶν
201 3470 498 3557 ξυνεστράτευσαν,
526 3471 604 3546 τοὺς
627 3472 747 3546 ἀλλους
771 3467 941 3552 ἀπέδοντο.
987 3465 1058 3550 ἐλή-
1077 3483 1095 3530 4

49 3585 188 3662 φθησαν
211 3578 247 3642 δὲ
264 3579 302 3642 ὀἱ
326 3575 522 3660 ξύμπαντες,
551 3576 701 3663 ἀκριβείᾳ
728 3577 788 3658 μὲν
815 3576 958 3670 χαλεπὸν
981 3573 1058 3652 ἐξει-

623 3689 626 3694 ,
863 3679 899 3732 4,
