2448 4002
154 189 195 252 18
504 187 536 241 V.
557 191 797 242 ΘΟΤΚΤΔΙΔΗΣ

1220 289 1221 344 λ

152 353 233 416 κατὰ
257 352 362 436 τάχος,
386 352 562 429 δοκοῦντες
581 350 758 435 ἐπιτήδειοι
777 347 863 417 εἶναι
881 363 950 429 τοῖς
967 350 1159 437 Ἀθηναίοις,

155 459 375 544 Φιλοχαρίδας
387 456 449 522 καί
465 456 561 524 Λέων
577 457 783 542 καὶἝνδιος,
807 460 975 536 δείσαντες
990 460 1033 542 μή
1050 463 1111 544 τήν
1124 484 1159 524 τε

153 564 337 650 ξυμμαχίαν
355 565 559 650 ὀργιζόμενοι
577 566 659 651 πρὸς
677 567 755 642 τοὺς
769 564 931 652 Ἀργείους
948 569 1158 650 ποιήσωνται,

152 669 206 735 καί
230 671 295 753 ἅμα
314 671 432 737 Πύλον
455 669 689 754 ἀπαιτήσοντες
707 670 781 737 ἀντὶ
800 673 989 757 Πανάκτου,
1013 671 1159 758 καὶπερὶ

152 786 209 859 τῆς
236 782 393 842 Βοιωτῶν
425 775 605 861 ξυμμαχίας
636 777 916 863 ἀπολογησόμενοι
948 779 992 855 ὡς
1019 779 1080 844 οὐκ
1108 777 1159 844 ἐπὶ
1185 803 1196 842 ε

151 891 239 971 κακῷ
258 895 325 949 τῶν
341 882 526 968 Ἀθηναίων
548 883 753 967 ἐποιήσαντο.

96 998 135 1051 ΠΙ
219 987 286 1054 Καὶ
312 989 462 1073 λέγοντες
485 988 522 1056 ἐν
544 1000 582 1077 τῆ
606 994 710 1077 βουλῆ
734 994 812 1078 περί
832 1015 866 1056 τε
889 993 1017 1057 τούτων
1040 991 1095 1058 καὶ
1118 993 1160 1069 ὡς
1221 1015 1222 1088 χ

152 1096 389 1181 αὐτοκράτορες
415 1097 533 1180 ῆκουσι
559 1096 634 1183 περὶ
657 1099 791 1162 πάντων
813 1096 982 1182 ξυμβῆναι
999 1111 1067 1164 τῶν
1091 1101 1160 1164 δια·
1221 1091 1222 1134 ³

151 1205 276 1289 φόρων,
308 1204 367 1268 τὸν
392 1202 600 1288 Ἀλκιβιάδην
629 1202 786 1288 ἐφόβουν,
818 1207 862 1289 μή
889 1204 944 1270 καὶ
972 1204 1014 1288 ήν
1042 1204 1075 1282 ἐς
1103 1208 1161 1271 τὸν

151 1311 257 1392 δῆμον
292 1310 393 1375 ταύτά
430 1310 580 1394 λέγωσιυ,
617 1309 844 1395 ἐπαγάγωνται
876 1313 913 1376 τὸ
944 1317 1074 1395 πλῆθος
1106 1311 1160 1377 καὶ
1174 1338 1199 1376 10

115 1416 290 1503 κάπωσθῆ
331 1417 351 1500 ῆ
381 1415 536 1504 Ἀργείων
576 1416 747 1501 ξυμμαχία.
787 1428 969 1502 μηχανᾶται
1006 1419 1044 1482 δέ
1079 1421 1161 1504 πρὸς

150 1523 271 1600 αὐτοὺς
293 1525 422 1588 τοιόνδε
444 1547 476 1588 τι
493 1524 518 1589 δ
534 1523 750 1608 Ἀλκιβιάδης·
777 1526 856 1601 τοὺς
877 1526 1162 1606 Λακεδαιμονίους

149 1633 259 1694 πείθει
290 1632 403 1695 πίστιν
435 1631 546 1706 αὐτοῖς
578 1631 672 1713 δούς,
704 1631 746 1715 ῆν
774 1633 817 1716 μή
846 1631 1096 1715 ὁμολογήσωσιν
1125 1632 1162 1698 ἐν

149 1744 194 1825 τῷ
219 1737 310 1825 δήμῳ
338 1736 576 1823 αὐτοκράτορες
602 1739 705 1820 ήκειν,
734 1739 852 1803 Πύλου
878 1762 913 1802 τε
941 1739 1053 1814 αὐτοῖς
1080 1739 1161 1804 ἀπο-

150 1844 271 1909 δώσειν
294 1841 435 1930 (πείσειν
457 1845 520 1929 γάρ
544 1845 642 1919 αὐτὸς
658 1842 864 1929 Ἀθηναίους,
889 1845 997 1931 ὥσπερ
1020 1843 1075 1910 καὶ
1095 1856 1162 1912 νῦν
1175 1869 1200 1910 ιε

115 1949 348 2038 σάντιλέγειν)
385 1949 439 2016 καὶ
475 1945 578 2016 τᾶλλα
614 1949 835 2029 ξυναλλάξειν.
890 1954 1091 2035 βουλόμενος
1124 1955 1162 2018 δὲ

150 2057 270 2134 αὐτοὺς
294 2059 418 2122 Νικίου
441 2081 475 2121 τε
499 2057 681 2140 ἀποστῆσαι
703 2067 806 2123 ταῦτα
829 2060 971 2144 ἔπρασσε
994 2055 1049 2122 καὶ
1072 2059 1162 2136 ὅπως

149 2162 186 2228 ἐν
217 2171 262 2252 τῷ
288 2165 378 2251 δήμῳ
412 2165 579 2247 διαβαλὼν
607 2165 742 2248 αὐτούς,
774 2165 818 2241 ὡς
845 2165 945 2230 οὐδὲν
973 2164 1095 2249 ἀληθὲς
1123 2165 1162 2231 ἐν

149 2276 196 2356 νῷ
220 2272 355 2352 ἐχουσιν
382 2266 461 2334 οὐδὲ
489 2269 645 2355 λέγουσιν
672 2271 829 2337 οὐδέποτε
851 2271 968 2354 ταύτά,
996 2274 1074 2348 τοὺς
1090 2272 1161 2358 Ἀρ-

148 2378 259 2458 γείους
281 2373 336 2440 καὶ
355 2374 507 2453 Ἠλείους
528 2376 583 2442 καὶ
606 2378 797 2454 Μαντινέας
820 2377 1006 2462 ξυμμάχους
1028 2382 1160 2464 ποιήση.
1176 2407 1202 2444 20

111 2480 202 2546 4καλ
231 2480 360 2567 ἐγένετο
389 2482 500 2559 οὕτως.
547 2482 658 2568 ἐπειδή
685 2486 747 2568 γάρ
776 2482 808 2560 ἐς
830 2486 890 2549 τὸν
913 2486 1018 2567 δῆμον
1040 2492 1161 2572 παρελ-

148 2590 269 2664 θόντες
300 2589 354 2654 καί
387 2588 630 2674 ἐπερωτώμενοι
663 2591 724 2655 οὐκ
757 2592 885 2673 ἔφασαν
917 2592 1026 2674 ὥσπερ
1055 2589 1092 2656 ἐν
1119 2603 1160 2678 τῆ

148 2698 252 2780 βουλῆ
284 2696 521 2782 αὐτοκράτορες
547 2697 650 2779 ήκειν,
683 2698 715 2761 οἱ
737 2695 905 2780 Ἀθηναῖοι
933 2697 1043 2762 οὐκέτι
1071 2699 1161 2782 ῆυεί-

147 2825 260 2886 χοντο,
297 2801 379 2866 ἀλλὰ
413 2811 473 2866 τοῦ
490 2800 697 2886 Ἀλκιβιάδου
728 2808 839 2891 πολλῷ
867 2809 993 2885 μᾶλλον
1025 2804 1045 2888 ἢ
1077 2810 1160 2891 πρό-

147 2933 244 2995 τερον
276 2911 505 2992 καταβοῶντος
536 2921 603 2974 τῶν
630 2911 902 2992 Λακεδαιμονίων
934 2909 1096 2994 ἐσήκουον
1123 2938 1160 2978 τε
1176 2942 1202 2981 ιε

147 3014 202 3080 καί
234 3015 356 3097 ἐτολμοι
384 3011 469 3098 ἦσαν
497 3016 601 3092 εὐθὺς
627 3019 872 3103 παραγαγόντες
898 3020 976 3094 τοὺς
992 3016 1161 3104 Ἀργείους

146 3120 201 3186 καὶ
238 3125 315 3199 τοὺς
346 3119 414 3203 μετ’
445 3122 555 3188 αὐτῶν
586 3121 774 3207 ξυμμάχους
804 3131 987 3190 ποιεῖσθαι·
1019 3137 1159 3206 σεισμοῦ

147 3229 184 3292 δὲ
206 3229 387 3312 γενομένου
410 3231 490 3314 πρίν
512 3253 543 3293 τι
572 3227 819 3316 ἐπικυρωθῆναι
846 3231 866 3314 ῆ
890 3229 1044 3315 ἐκκλησία
1073 3231 1158 3318 αὕτη

144 3334 323 3420 άνεβλήθη.
347 3373 389 3382 -
404 3373 446 3382 -
460 3373 505 3383 -

87 3455 132 3510 Ν
209 3439 324 3526 Ἐνῆγε
357 3444 394 3507 δέ
425 3446 661 3529 προθυμότατα
692 3445 753 3527 τὴν
785 3448 959 3529 στρατείαν
991 3443 1073 3531 (scil.
1094 3449 1157 3531 τήν
1172 3476 1200 3515 εο

147 3548 180 3627 ἐς
207 3546 378 3636 Σικελίαν)
400 3549 604 3635 Ἀλκιβιάδης
634 3548 652 3614 ὁ
681 3553 853 3634 Κλεινίου,
885 3552 1087 3634 βουλόμενος
1113 3563 1160 3642 τῷ
