2448 4002
420 203 440 255 1.
460 205 708 256 ΘΟΤΚΤΔΙΔΗΣ.
1049 207 1069 271 5

38 367 290 452 πρεσβύτατον
321 377 452 452 πρῶτον
484 374 593 450 γήμαι.
643 364 698 430 καὶ
727 364 764 431 ἐν
790 376 830 452 τῇ
858 368 940 453 αύτή
970 371 1070 455 στήλῃ

40 483 190 559 πρῶτος
212 470 393 558 γέγραπται
415 474 495 556 μετὰ
519 473 577 538 τὸν
599 471 733 558 πατέρα,
757 469 835 538 οὐδὲ
858 483 957 539 τοῦτο
981 475 1071 540 ἀπει-

42 581 163 655 κότως
191 579 247 643 διὰ
274 579 311 644 τὸ
334 579 532 664 πρεσβεύειν
554 601 589 642 τε
612 577 666 644 ἀπ’
690 579 792 644 αὐτοῦ
815 577 870 644 καὶ
892 591 1073 666 τυραννεῦ-

45 702 120 750 σαι.
162 685 204 750 ού
227 687 293 769 μήν
315 683 387 751 οὐδ’
410 683 453 749 ἀν
474 695 649 770 κατασχεῖν
670 711 725 767 μοι
748 688 838 751 δοκεῖ
854 708 933 753 ποτε
948 685 1074 765 Ἱππίας

18 794 89 856 ετὸ
131 800 332 877 παραχρῆμα
369 791 490 877 ῥᾳδίως
520 792 582 874 τήν
613 793 811 877 τυραννίδα,
843 795 872 858 εἰ
896 791 1074 880 Ἵππαρχος

48 895 117 979 μὲν
153 896 192 963 ἐν
223 907 263 983 τῇ
294 897 377 984 ἀρχῇ
407 899 455 962 ὢν
481 897 660 981 ἀπέθανεν,
692 900 791 976 αὐτὸς
818 896 854 964 δέ
883 901 1074 987 αὐθημερὸν

1 1071 3 1086 ,
50 1007 257 1070 καθίστατο·
289 1004 371 1068 ἀλλά
402 1003 457 1069 καὶ
489 1005 544 1068 διὰ
575 1005 611 1068 τὸ
644 1007 805 1091 πρότερον
837 1004 979 1091 ξύνηθες
1005 1018 1074 1084 τοῖς

3 1173 5 1176 ,
52 1107 119 1193 μέν
143 1113 295 1186 πολίταις
317 1113 474 1197 φοβερόν,
504 1108 538 1186 ἐς
561 1107 597 1174 δέ
620 1114 698 1187 τοὺς
720 1109 918 1198 ἐπικούρους
943 1113 1075 1200 ἀκριβὲς

1 1255 8 1285 ι,
53 1221 175 1304 πολλῷ
206 1225 253 1304 τῷ
282 1219 429 1302 περιόντι
461 1227 521 1283 τοῦ
553 1216 724 1301 ἀσφαλοῦς
755 1220 987 1305 κατεκράτήσε,
1019 1219 1074 1284 καλ

4 1353 42 1394 ιεο
56 1325 121 1408 ούχ
147 1324 192 1400 ὡς
215 1322 357 1407 ἀδελφὸς
378 1324 537 1409 νεώτερος
560 1325 607 1388 ὢν
629 1324 804 1409 ἠπόρησεν,
827 1322 865 1389 ἐν
887 1316 914 1412 ᾦ
937 1326 976 1390 ού
996 1329 1074 1411 πρύ-

56 1454 160 1516 τερον
183 1428 326 1513 ξυνεχῶς
348 1430 502 1513 ὡμιλήκει
524 1439 564 1515 τῇ
588 1429 679 1515 ἀρχή.
711 1427 874 1519 Ἱππάρχῳ
897 1428 934 1495 δέ
953 1429 1073 1516 ξυνέβη

4 1573 20 1609 a
58 1546 122 1601 τοῦ
150 1536 283 1612 πάθους
309 1545 348 1622 τῇ
374 1537 535 1620 δυστυχία
559 1535 790 1618 ὀνομασθέντα
812 1535 867 1602 καὶ
890 1539 951 1621 τήν
975 1536 1074 1615 δόξαν

4 1682 21 1713 ι
58 1652 120 1725 τῆς
142 1644 342 1728 τυραννίδος
364 1640 398 1719 ἐς
419 1644 460 1707 τά
482 1645 592 1707 ἔπειτα
614 1647 824 1728 προσλαβεῖν.

0 1784 22 1821 ι
135 1750 205 1814 Τὸν
232 1746 262 1813 δ’
285 1743 348 1814 οὖν
370 1747 545 1834 Ἀρμόδιον
572 1748 806 1835 ἀπαρνήθέντα
828 1751 888 1833 τήν
910 1751 1073 1836 πείρασιν,
1089 1764 1128 1817 III

5 1880 49 1932 σοι
62 1857 174 1942 ὥσπερ
199 1857 374 1938 διενοεῖτο,
401 1856 681 1940 προυπήλάκισεν·
714 1856 862 1940 ἀδελφήν
884 1857 947 1942 γάρ
971 1857 1075 1922 αὐτοῦ

6 2027 8 2034 ,,
64 1965 167 2049 κόρην
190 1960 441 2046 ἐπαγγείλαντες
462 1962 557 2045 ήκειν
579 1972 705 2029 κανοῦν
728 1968 889 2028 οίσουσαν
909 1961 946 2028 ἐν
964 1973 1075 2050 πομπή

15 2107 26 2162 ρ
64 2095 147 2153 τινι,
180 2069 351 2152 ἀπήλασαν
383 2067 534 2151 λέγοντες
561 2065 640 2133 οὐδέ
667 2067 857 2153 ἐπαγγείλαι
884 2070 945 2152 τήν
972 2070 1076 2156 ἀρχήν

4 2197 24 2270 χ(
67 2178 122 2240 διά
153 2177 189 2240 τὸ
221 2176 264 2259 μή
297 2173 392 2252 ἀξίαν
419 2169 513 2240 εἶναι.
558 2180 705 2260 χαλεπῶς
731 2172 768 2240 δέ
795 2174 986 2260 ἐνεγκόντος
1012 2187 1107 2241 τοῦκ

13 2301 29 2360 g:
64 2281 239 2368 Ἁρμοδίου
261 2285 372 2368 πολλῷ
391 2282 433 2365 δή
455 2286 581 2364 μᾶλλον
604 2280 647 2346 δι’
674 2280 802 2347 ἐκείνου
824 2281 879 2347 καλ
898 2281 1077 2370 δἈριστο-

0 2407 56 2468 ,ήςο
70 2391 186 2472 γείτων
217 2386 436 2473 παρωξύνετο.
490 2387 545 2453 καὶ
576 2387 689 2464 αύτοῑς
720 2389 759 2452 τά
790 2385 852 2470 μὲν
883 2391 965 2454 ἀλλα
995 2391 1078 2475 πρὸς

2 2537 25 2588 ,ς
69 2497 146 2570 τοὺς
162 2491 488 2577 ξυνεπιθησομένους
504 2502 550 2582 τῷ
565 2495 650 2582 ἔργῳ
669 2493 862 2580 ἐπέπρακτο,
884 2494 1077 2578 περιέμενον

71 2597 107 2665 δὲ
135 2604 359 2684 Παναθήναια
389 2601 429 2664 τά
459 2601 599 2684 μεγάλα,
631 2599 668 2666 ἐν
700 2592 721 2687 ᾖ
751 2604 856 2682 μόνον
885 2600 988 2687 ήμέρᾳ
1016 2603 1077 2686 οὐχ

7 2726 37 2813 μ’,
71 2707 216 2773 ὕποπτον
247 2704 395 2791 ἐγίγνετο
428 2705 465 2771 ἐν
496 2707 609 2783 ὅπλοις
640 2718 707 2772 τῶν
735 2712 881 2773 πολιτῶν
912 2711 990 2785 τοῦς
1016 2709 1077 2792 τήν

0 2870 3 2897 ,
27 2831 37 2891 ff
73 2815 199 2898 πομπήν
225 2813 414 2895 πέμψοντας
440 2813 587 2899 ἀθρόους
611 2813 784 2896 γενέσθαι·
814 2811 869 2879 καὶ
892 2815 958 2879 ἔδει
982 2813 1077 2900 ἀρξαι

0 2917 132 3008 ,χεομέν
165 2920 300 3004 αύτούς,
337 2918 579 3002 ξυνεπαμύνειν
611 2916 648 2984 δέ
680 2920 785 2997 εὐθὺς
815 2922 855 2985 τά
886 2921 968 3007 πρὸς
998 2924 1078 2998 τοῦς

8 3055 41 3139 χχ
76 3028 278 3112 δορυφόρους
304 3024 459 3102 ἐκείνους.
504 3021 590 3110 ἦσαν
612 3023 650 3091 δέ
673 3027 712 3092 ού
735 3025 852 3092 πολλοὶ
876 3029 907 3092 ολ
931 3025 1111 3109 ξυνομω-3

6 3169 42 3227 ,χ
75 3135 201 3215 μοκότες
232 3133 412 3217 ἀσφαλείας
443 3131 551 3198 ἕνεκα·
582 3135 719 3216 ήλπιζον
751 3135 813 3220 γὰρ
845 3131 900 3198 καὶ
929 3135 1007 3210 τοὺς
1032 3135 1076 3217 μή

11 3279 43 3333 v?
77 3240 270 3324 προειδότας,
293 3241 321 3304 εί
342 3236 397 3303 καὶ
416 3239 597 3304 ὁποσοιοῦν
615 3243 821 3324 τολμήσειαν,
844 3238 880 3305 ἐκ
897 3248 957 3305 τοῦ
975 3260 1078 3325 παρα-

13 3387 45 3438 W
79 3355 185 3432 χρήμα,
209 3346 343 3429 ἐχουτάς
365 3369 403 3428 γε
425 3345 524 3430 ὅπλα,
553 3343 726 3430 ἐθελήσειν
749 3356 835 3430 σφᾶς
858 3347 979 3422 αύτούς
1002 3343 1077 3423 ξυν-

1 3472 68 3552 χχρο
80 3458 280 3537 ελευθεροῦν.

1 3583 46 3650 ,χχ
140 3557 201 3624 Καὶ
230 3559 274 3635 ὡς
301 3556 446 3642 ἐπῆλθεν
473 3558 493 3642 ἡ
521 3557 631 3643 ἑορτή,
655 3557 780 3636 Ἱππίας
806 3555 868 3643 μὲν
891 3557 951 3637 ἔξω
975 3556 1012 3624 ἐν
1034 3565 1131 3645 τῷΝ
