2448 4002
415 197 461 250 IX.
481 199 729 251 ΘΟΤΚΤΔΙΔΗΣ.
1033 197 1076 261 29

69 360 120 423 καὶ
140 362 219 436 τοὺς
238 359 438 444 ἀνθρώπους
456 358 620 444 ἐφόνευον
638 360 678 425 οὐ
698 360 888 443 φειδόμενοι
908 362 984 425 οὔτε
1001 384 1078 447 πρε-

69 465 230 552 σβυτέρας
248 468 323 531 οότε
342 465 502 552 νεωτέρας
521 467 655 550 ἡλικίας,
670 466 752 531 ἀλλὰ
770 467 894 542 πάντας
913 466 994 552 ἑξής,
1014 468 1077 556 ότφ

69 572 251 657 ἐντύχοιεν,
283 571 338 638 καὶ
370 574 489 649 παῖδας
520 575 574 637 καὶ
606 583 764 656 γυναῖκας
793 575 991 657 κτείνοντες,
1023 573 1077 638 καλ

68 679 202 764 προσέτι
225 680 280 744 καὶ
302 679 464 763 ὑποζύγια
487 681 540 744 καὶ
564 680 626 744 ὅσα
644 681 727 744 ἀλλα
745 682 874 763 ἔμψυχα
897 681 1010 745 ἴδοιεν.
1039 681 1077 745 τὸ

40 788 129 870 ιγὰρ
157 785 254 870 γένος
281 788 317 850 τὸ
344 798 413 851 τῶν
442 790 596 872 Θρᾳκῶν,
629 786 727 868 ὁμοῖα
754 796 822 862 τοῖς
849 787 988 867 μάλιστα
1017 796 1077 851 τοῦ

67 896 282 978 βαρβαρικοῦ,
305 891 343 957 ἐν
365 884 391 980 ᾧ
410 892 453 958 ἀν
475 896 639 977 θαρσήση,
662 894 890 976 φονικώτατόν
913 891 991 957 ἐστι.
1023 891 1112 957 καὶὸ

68 1002 137 1064 τότε
161 1001 243 1083 άλλη
266 1023 301 1064 τε
323 1000 446 1085 ταραχή
475 999 536 1064 οὐκ
559 999 653 1083 ὀλίγη
682 997 736 1063 καὶ
761 998 832 1064 ίδέα
854 1010 943 1065 πᾶσα
965 1007 1077 1065 καθει-

69 1110 177 1189 στήκει
200 1104 361 1191 ὀλέθρου,
384 1107 438 1169 καὶ
462 1104 672 1182 ἐπιπεσόντες
695 1107 913 1194 διδασκαλείῳ
937 1109 1077 1190 παίδων,

68 1213 144 1297 ὅπερ
172 1203 329 1296 μέγιστον
356 1207 398 1295 ήν
425 1212 546 1277 αὐτόθι
574 1211 628 1277 καὶ
656 1213 730 1297 ἀρτι
758 1214 877 1296 ἐτυχον
904 1214 936 1277 οἱ
963 1215 1078 1289 παῖδες

35 1347 55 1383 ιο
69 1317 312 1403 ἐσεληλυθότες,
327 1317 512 1396 κατέκοψαν
530 1319 667 1395 πάντας·
686 1320 741 1384 καὶ
759 1316 913 1402 ξυμφορὰ
931 1329 970 1405 τῇ
984 1321 1078 1383 πόλει

68 1427 153 1515 πάση
176 1426 332 1508 οὐδεμιᾶς
354 1426 467 1508 ήσσων
485 1431 612 1507 μᾶλλον
635 1423 746 1511 ἑτέρας
769 1425 926 1509 ἀδόκητός
948 1449 983 1490 τε
1006 1424 1077 1490 ἐπέ-

67 1549 165 1597 πεσεν
188 1532 271 1615 αὕτη
294 1530 348 1596 καὶ
372 1533 472 1614 δεινή.

133 1640 175 1702 Ολ
204 1639 241 1702 δέ
266 1642 406 1723 Θηβαῖοι
434 1640 629 1720 αἰσθόμενοι
653 1638 832 1723 ἐβοήθουν,
862 1637 916 1703 καὶ
940 1645 1077 1705 καταλα-
1090 1643 1117 1698 Π

67 1748 180 1826 βόντες
201 1747 489 1831 προκεχωρηκότας
512 1747 574 1829 ήδη
593 1748 671 1822 τοὺς
692 1749 826 1832 Θρᾷκας
849 1746 889 1809 οὐ
908 1748 993 1810 πολὺ
1016 1750 1077 1830 τήν

34 1879 54 1916 ιι
67 1875 99 1915 τε
114 1854 207 1916 λείαν
221 1851 398 1935 ἀφείλοντο
417 1853 470 1915 καὶ
491 1851 612 1928 αότοὺς
631 1855 838 1936 φοβήσαντες
856 1853 1076 1917 καταδιώκου-

68 1975 120 2023 σιν
145 1956 196 2022 ἐπλ
220 1959 279 2022 τὸν
302 1959 454 2043 Εὔριπον
477 1958 530 2023 καί
554 1959 615 2041 τήν
633 1959 818 2041 θάλασσαν,
843 1952 883 2022 οὗ
903 1959 1014 2034 αὐτοῖς
1036 1960 1076 2023 τά

67 2071 163 2130 πλοῖα
191 2065 359 2148 ἀήγαγεν
386 2065 495 2149 ὥρμει.
541 2062 595 2128 καὶ
624 2064 879 2129 ἀποκτείνουσιν
906 2065 1017 2129 αὐτῶν
1039 2063 1110 2130 ἐνε

67 2182 102 2256 τη
122 2169 255 2255 ἐσβάσει
274 2174 352 2248 τοὺς
370 2174 554 2254 πλείστους,
574 2172 649 2235 οὔτε
664 2170 900 2254 ἐπισταμένους
914 2182 996 2255 νεῖν,
1010 2183 1076 2237 τῶν

66 2302 97 2341 τε
122 2277 159 2343 έν
177 2289 247 2354 τοῖς
265 2281 404 2361 πλοίοις,
427 2278 471 2354 ὡς
489 2277 602 2362 ἑώρων
619 2279 660 2342 τά
679 2276 716 2343 ἐν
733 2289 771 2364 τῇ
790 2288 843 2364 γή,
867 2279 1076 2363 ὁρμισάντων

34 2410 55 2450 ιο
69 2384 126 2462 ἔξω
151 2383 348 2465 τοξεύματος
370 2386 410 2448 τά
432 2390 544 2449 πλοῖα·
568 2382 637 2449 ἐπεὶ
661 2386 699 2449 ἔν
721 2408 758 2467 γε
781 2395 819 2470 τή
843 2387 925 2475 άλλη
951 2384 1075 2468 ἀναχω-

66 2496 157 2575 ρήσει
185 2493 246 2556 οὐκ
274 2491 400 2567 ἀτόπως
427 2492 459 2555 ολ
489 2494 615 2577 Θρᾷκες
647 2492 728 2575 πρὸς
754 2492 791 2555 τὸ
823 2502 890 2555 τῶν
920 2492 1076 2575 Θηβαίων

66 2601 209 2682 ἱππικόν,
233 2599 312 2683 ὅπερ
335 2609 468 2683 πρῶτον
486 2595 688 2682 προσέκειτο,
707 2596 949 2683 προεκθέοντές
966 2621 1001 2661 τε
1019 2596 1090 2692 καὶ1

65 2705 322 2790 ξυστρεφόμενοι
350 2703 387 2769 ἐν
415 2702 577 2792 ἐπιχωρίῳ
604 2703 692 2781 τάξει
720 2706 780 2788 τήν
810 2705 964 2796 φυλακήν
987 2702 1074 2768 ἐποι-

65 2823 175 2896 οῦντο,
195 2813 249 2877 καὶ
268 2811 375 2895 ὀλίγοι
394 2811 504 2875 αὐτῶν
523 2809 683 2898 ἐντούτῳ
703 2812 948 2896 διεφθάρησαν·
978 2809 1075 2895 μέρος

32 2942 52 2980 ιε
66 2919 102 2983 δέ
120 2945 151 2984 τι
171 2920 225 2983 καὶ
244 2917 281 2983 έν
300 2928 338 3002 τή
358 2920 450 2981 πόλει
470 2917 552 3002 αὐτή
576 2915 620 2982 δι’
643 2917 794 3002 ἁρπαγήν
814 2916 1075 3001 ἐγκαταλειφθὲν

65 3025 218 3090 ἀπώλετο.
252 3025 283 3089 οἱ
304 3024 340 3089 δέ
361 3022 544 3104 ξύμπαντες
562 3035 629 3088 τῶν
648 3027 788 3110 Θρᾳκῶν
801 3026 1004 3106 πεντήκοντα
1020 3024 1075 3090 καὶ

65 3133 226 3197 διακόσιοι
254 3131 317 3195 ἀπὸ
344 3131 543 3216 τριακοσίων
572 3131 626 3194 καλ
654 3134 770 3214 χιλίων
797 3129 979 3195 ἀπέθανον·
1008 3127 1108 3194 διέ-3

65 3246 211 3323 φθειραν
234 3238 271 3302 δέ
294 3238 348 3302 καὶ
371 3248 438 3300 τῶν
463 3239 619 3319 Θηβαίων
642 3238 696 3301 καὶ
716 3249 784 3301 τῶν
802 3239 912 3302 ἀλλων
931 3239 964 3300 οἳ
981 3235 1073 3313 ξυνε-

65 3349 238 3429 βοήθησαν
270 3342 303 3420 ἐς
335 3349 438 3409 είκοσι
471 3343 611 3423 μάλιστα
639 3341 755 3419 ἱππέας
786 3368 821 3408 τε
853 3344 907 3406 καὶ
940 3342 1073 3419 ὁπλίτας

33 3473 53 3514 ιο
66 3453 146 3532 ὁμοῦ
170 3453 224 3516 καὶ
250 3453 406 3534 Θηβαίων
428 3461 495 3513 τῶν
512 3452 726 3534 βοιωταρχῶν
744 3451 982 3535 Σκιρφώνδαν·
1006 3461 1073 3514 τῶν

66 3560 100 3623 δέ
127 3561 376 3640 Μυκαλησσίων
403 3554 501 3641 μέρος
527 3579 559 3619 τι
587 3554 789 3638 ἀπανηλώθη
822 3557 922 3620 πάθει
951 3572 1106 3642 χρησα-4
