2448 4002
196 171 217 232 4
552 171 574 221 1.
598 170 848 222 οονκνοιοειε.

195 333 301 419 τούτῳ
334 331 351 396 ὁ
375 329 551 416 Ἵππαρχος
578 331 622 406 ὡς
649 325 748 406 αὖθις
775 330 932 415 πειράσας
959 329 1059 394 οὐδὲν
1080 335 1190 412 μᾶλλον

196 441 310 502 ἔπειθε
328 438 387 502 τὸν
401 436 585 523 Ἁρμόδιον,
604 439 715 520 βίαιον
732 437 793 518 μὲν
812 436 912 501 οὐδὲν
934 433 1087 518 ἐβούλετο
1109 438 1190 521 δρᾶν,

197 543 234 608 ἐν
262 547 370 632 τρόπῳ
399 543 437 608 δέ
462 567 528 607 τινι
557 542 678 626 ἀφανεῖ
705 543 749 619 ὡς
778 543 817 607 οὐ
846 543 902 607 διὰ
924 551 1022 607 τοῦτο
1046 543 1085 626 δή
1107 564 1190 629 παρε-

162 651 371 729 ῠσκευάζετο
397 654 631 735 προπηλακιῶν
658 650 770 714 αὐτόν.
815 650 894 714 οὐδὲ
924 650 987 734 γάρ
1016 649 1077 732 τήν
1103 650 1190 732 ἀλλην

198 757 303 843 ἀρχήν
325 755 471 839 ἐπαχθής
493 751 536 838 ἦν
558 753 592 831 ἐς
613 758 692 834 τοὺς
709 755 866 839 πολλούς,
886 753 955 819 ἀλλ’
974 755 1190 838 ἀνεπιφθόνως

199 866 433 946 κατεστήσατο·
458 859 511 926 καλ
534 859 755 945 ἐπετήδευσαν
777 859 830 926 ἐπί
853 867 1008 927 πλεῖστον
1031 862 1071 944 δή
1088 862 1190 946 τύραν

199 994 254 1034 νοι
279 963 372 1034 οὗτοι
395 968 514 1054 ἀρετήν
536 965 591 1032 καλ
610 965 753 1052 ξύνεσιν,
772 969 826 1033 καλ
841 966 1041 1051 Ἀθηναίους
1058 969 1190 1051 εἰκοστή

199 1078 305 1157 μόνον
341 1076 565 1160 πρασσόμενον
601 1085 667 1139 τῶν
704 1074 911 1157 γιγνομένων
946 1079 1007 1158 τήν
1043 1097 1078 1138 τε
1112 1078 1189 1140 πόλι

202 1181 313 1246 αὐτῶν
335 1185 442 1258 καλῶς
465 1182 684 1264 διεκόσμησαν
706 1178 760 1244 καλ
779 1183 856 1258 τοὺς
874 1180 1037 1265 πολέμους
1055 1180 1190 1268 διέφερο

167 1305 182 1352 6
202 1285 257 1352 καὶ
285 1285 319 1364 ἐς
345 1289 386 1352 τά
409 1288 480 1373 λερά
502 1289 621 1352 ἔθυον·
653 1289 693 1351 τά
716 1288 753 1351 δὲ
775 1288 857 1352 ἀλλα
881 1287 962 1370 αὐτή
985 1288 1005 1372 ἡ
1028 1291 1121 1365 πόλις
1143 1301 1190 1356 τοῖ

202 1392 284 1480 πρὶν
315 1393 477 1476 κειμένοις
513 1395 627 1475 νόμοις
657 1390 787 1479 ἐγρήτο,
824 1395 911 1477 πλὴν
942 1392 1019 1458 καθ’
1051 1394 1130 1459 ὅσον
1163 1396 1190 1460 ἀ.

201 1524 279 1565 τινα
310 1498 506 1583 ἐπεμέλοντο
540 1511 636 1583 σφῶν
668 1500 778 1565 αὐτῶν
809 1498 847 1565 ἐν
878 1509 949 1576 ταῖς
975 1500 1089 1586 ἀρχαῖς
1119 1495 1190 1568 εῖνο

203 1604 258 1670 καὶ
289 1608 383 1670 ἀλλοι
412 1630 447 1670 τε
475 1606 584 1670 αὐτῶν
611 1601 714 1692 ἧρξαν
741 1608 802 1690 τήν
829 1604 1001 1671 ἐνιαυσίαν
1025 1605 1186 1690 Ἀθηναῖο

205 1712 310 1798 ἀργήν
332 1711 387 1777 καλ
411 1715 648 1799 Πεισίστρατος
667 1712 684 1777 ὁ
704 1712 833 1777 Ἱππίου
851 1722 911 1778 τοῦ
930 1714 1190 1799 τυραννεύσαντι

203 1820 290 1902 υἱός,
312 1827 372 1884 τοῦ
396 1819 530 1884 πάππου
554 1820 638 1903 ἔχων
656 1821 817 1903 τοῦνομα,
837 1819 873 1896 ὃς
890 1831 957 1884 τῶν
976 1821 1104 1885 δώδεκα
1124 1826 1190 1888 θεᾶ

204 1927 317 2009 βωμὸν
343 1927 402 1990 τὸν
430 1923 467 1989 ἐν
494 1934 532 2011 τῇ
561 1925 667 2013 ἀγορᾷ
695 1927 805 2012 ἀρχων
831 1925 974 2010 ἀνέθηκε
996 1925 1050 1992 καὶ
1074 1926 1134 1991 τὸν
1158 1952 1190 1992 τι

170 2030 402 2108 ῖἈπόλλωνος
438 2031 475 2096 ἐν
513 2035 660 2097 Πυθίου.
705 2031 759 2097 καὶ
795 2040 842 2120 τῷ
877 2034 939 2116 μὲν
969 2032 1007 2098 ἐν
1038 2042 1077 2118 τή
1114 2033 1189 2120 ἀγορ

205 2139 511 2225 προσοικοδομήσας
542 2138 684 2224 ὕστερον
716 2139 734 2204 ὁ
768 2140 869 2222 δήμος
892 2138 1080 2223 Ἀθηναίων
1108 2145 1189 2221 μεῖζι

205 2254 309 2328 μῆκος
340 2246 481 2328 ἠφάνισε
513 2245 756 2332 τούπίγραμμα·
788 2255 848 2310 τοῦ
878 2244 907 2311 δ’
935 2244 972 2310 ἐν
1001 2249 1142 2310 Πυθίου
1175 2250 1188 2311 ε’

206 2349 261 2416 καὶ
289 2361 353 2416 νῦν
381 2353 483 2435 δήλόν
511 2350 601 2416 ἐστιν
629 2351 788 2437 ἀμυδροῖς
815 2353 981 2438 γράμμασι
1004 2351 1105 2436 λόγον
1129 2355 1188 2418 τάδ

274 2457 412 2541 “Μνημα
434 2456 502 2523 τόδ’
524 2453 564 2542 ής
587 2458 687 2543 ἀρχῆς
707 2462 943 2545 Πεισίστρατος
961 2458 1091 2524 Ἱππίου
1115 2461 1188 2536 υλὸς

317 2571 423 2646 θήκεν
442 2562 646 2640 ’Λπόλλωνος
670 2568 808 2629 Πυθίου
831 2563 869 2629 ἐν
890 2563 1039 2647 τεμένεί.

169 2676 195 2729 11
269 2667 338 2734 Ὅτι
367 2671 404 2735 δὲ
430 2671 654 2755 πρεσβύτατος
680 2671 728 2736 ὢν
752 2669 877 2748 Ἱππίας
903 2665 1011 2758 ἦρξεν,
1040 2673 1187 2755 εῖδὼςμ

208 2774 264 2840 καὶ
295 2776 375 2862 ἀκοή
406 2775 639 2862 ἀκριβέστερον
669 2779 778 2842 ἀλλων
809 2780 1028 2864 ἰσχυρίζομαι,
1062 2781 1163 2862 γνοίη

208 2884 250 2946 ἀν
278 2905 329 2959 τις
355 2880 410 2947 καὶ
434 2883 524 2970 αὐτῷ
546 2883 665 2971 τούτῳ·
694 2885 808 2961 παῖδες
830 2886 893 2970 γάρ
918 2884 1007 2972 αὐτῷ
1029 2887 1123 2972 μόνῳ
1149 2910 1186 2968 tp«

208 3011 325 3053 νονται
347 2999 415 3052 τῶν
438 2992 585 3072 γνησίων
608 2989 761 3074 ἀδελφῶν
784 2993 970 3074 γενόμενοι,
994 2992 1038 3067 ὡς
1061 2990 1079 3055 ό
1103 3015 1141 3056 τε
1163 2997 1186 3076 β

210 3095 271 3176 μὸς
302 3097 453 3177 σημαίνει
485 3096 539 3159 καῖ
571 3096 591 3179 ἡ
624 3100 724 3180 στήλη
756 3095 831 3184 περὶ
863 3107 921 3180 της
950 3108 1017 3162 τῶν
1046 3099 1185 3183 τυράννι

210 3201 339 3277 ἀδικίας
362 3201 382 3285 ἡ
405 3199 442 3265 ἐν
464 3210 503 3287 τῇ
523 3199 711 3288 Ἀθηναίων
739 3203 914 3290 ἀκροπόλει
938 3211 1116 3287 σταθεῖσα,
1146 3203 1185 3268 ἐν

213 3311 383 3372 Θεσσαλοῦ
410 3308 471 3389 μὲν
499 3307 570 3373 οὐδ’
595 3307 772 3396 Ἱππάρχου
800 3311 911 3386 οὐδεὶς
933 3320 1009 3387 παῖς
1032 3308 1184 3396 γέγραπτ

207 3411 335 3478 Ἱππίου
364 3415 401 3478 δὲ
423 3413 534 3499 πέντε,
563 3419 597 3481 οδ
618 3417 707 3504 αὐτῷ
731 3414 768 3480 ἐκ
793 3419 968 3502 Μυρρίνης
990 3425 1048 3499 τῆς
1073 3419 1184 3482 Καλλι

211 3529 271 3584 τοῦ
290 3519 500 3606 Ὑπεροχίδου
523 3524 692 3608 θυγατρὸς
716 3521 883 3606 ἐγίνοντο·
908 3524 994 3599 εἰκὸς
1016 3524 1080 3609 γάρ
1107 3518 1184 3606 ήνι
